1527 2807
345 192 804 234 ιοῑτιοιξ.
1105 206 1159 243 :39

51 298 101 338 Se
136 297 326 348 publicare
351 293 503 334 mundo.
559 294 597 332 1s
631 303 688 333 est
717 307 785 346 par
811 297 979 345 numini,

44 367 127 419 Qui
153 366 350 415 plurimum
379 371 493 412 auget
522 362 637 400 seculi
669 362 722 401 sui
754 365 876 415 bona,

48 434 287 484 Prodestque
316 435 471 475 cunetis.
530 431 679 471 Petitur
707 432 776 470 hac
798 435 948 475 coelum
972 434 1052 479 vii.

673 513 779 542 PET.
830 509 1094 546 cvl-meva

546 713 592 751 In

100 821 214 862 EV.
299 818 1020 860 BRONCHORSTII

282 924 601 976 Controverfiarum
635 926 836 966 centurias.

95 995 176 1094 In
201 1053 285 1099 jure
317 1050 442 1090 dando
476 1063 560 1090 cum
589 1052 692 1092 foret
723 1052 937 1092 mortalium

93 1120 399 1161 Dissentientum
424 1121 563 1160 summa
595 1120 874 1172 discrepantia,

95 1190 268 1229 Tandem
297 1189 372 1241 ipsa
406 1189 510 1237 leges
542 1188 710 1227 condidit
743 1187 970 1237 necessitas,

95 1259 205 1311 Quae
233 1260 306 1297 rite
340 1258 498 1308 scriptae
535 1256 680 1307 semper
703 1269 782 1296 uno
805 1259 956 1296 civibus

95 1327 367 1375 Loquerentur
388 1337 478 1371 ore,
507 1326 646 1376 jusque
669 1337 815 1366 certum
839 1325 1061 1367 redderent.

101 1394 176 1434 Sed
201 1395 263 1432 has
293 1404 334 1434 ut
362 1396 494 1444 ingens
526 1395 593 1435 ille
619 1396 758 1448 Justini
787 1406 908 1446 nepos

96 1460 271 1502 Conferri
299 1461 337 1500 in
363 1473 478 1501 unum
504 1463 635 1510 jussit,
666 1472 707 1502 et·
733 1463 870 1502 seclum
897 1461 1000 1503 suum

93 1532 239 1570 Primus
267 1528 396 1570 beavit
427 1531 531 1571 dono
557 1533 838 1578 inaestimabili,

99 1601 385 1640 Consarcinator
411 1603 448 1640 in
479 1602 585 1649 gravi
610 1601 717 1651 culpa
749 1602 823 1640 fuit

96 1669 376 1715 'l'ribonianus‚
407 1670 516 1716 cujus
545 1669 706 1707 insolens
738 1681 867 1711 manus

93 1738 197 1776 Hinc
223 1737 312 1777 inde
338 1738 453 1778 multa
477 1737 690 1784 transtulit,
723 1750 819 1789 quae
846 1741 975 1780 verius

95 1807 306 1856 Congesta,
336 1819 446 1857 quam
475 1807 621 1856 digesta
647 1810 918 1849 nominaveris.

92 1875 195 1913 Hinc
220 1876 398 1916 sanetiore
426 1877 525 1929 Juris
553 1875 591 1913 in
619 1875 813 1916 volumine

96 1943 188 1981 Nox
217 1945 326 1996 saepe
353 1945 488 1990 densa,
521 1946 630 1995 saepe
658 1947 928 1994 contradiffio,

100 2009 153 2058 Et
177 2012 278 2056 mille
306 2024 431 2055 rerum
456 2015 629 2054 vortices
658 2014 763 2062 sunt;
793 2027 888 2065 quos
911 2016 1014 2069 prIus

562 2081 595 2123 C
624 2095 650 2133 4

1094 1431 1114 1447 Δ
