1527 2807
269 303 351 350 ’376
582 305 1069 336 οειιιειιινιι

266 411 373 450 Vnus
402 410 442 447 iu
469 406 643 456 ambiguo
671 407 810 445 Mars:
843 404 959 455 ipsum
988 408 1146 447 mascula
1178 412 1306 460 proles

316 480 413 517 Nam
445 476 570 519 iuvem
602 481 638 512 at
670 474 817 513 Veneri
849 466 1076 523 displicuisse
1106 481 1223 519 timet.

259 547 383 599 Quum
413 544 578 586 Lucina,
609 553 740 590 graves
767 544 921 591 cupiens
951 556 1171 595 conponere
1198 562 1347 601 motus,

315 612 444 652 Edidit
475 615 548 652 hos
577 611 643 651 fati
673 622 769 650 voce
799 620 954 661 potente
984 615 1122 657 sonos.-

258 694 288 734 '„
315 680 490 729 Parcite,
525 683 731 726 coelestes,
764 684 884 727 rixis5
915 695 1009 732 ege,
1039 688 1200 735 originis
1226 700 1376 741 auctor,

312 782 340 801 „
370 752 441 791 Ille
472 751 513 790 fit
544 760 581 789 ut
608 752 689 788 voti
721 761 868 801 conpos
899 763 935 792 et
965 755 1058 801 ille,
1087 757 1199 798 dabo.

258 827 290 873 '„
320 823 490 862 Mascula
519 823 681 860 nascetur
711 819 880 868 suboles,
911 835 1014 872 quam
1036 827 1155 864 forma
1185 828 1376 880 decorque

313 919 342 942 ‚,
372 894 543 942 Reginae
575 888 812 933 adsimulem.
845 892 1112 943 ingeniumque
1141 900 1283 945 patri.¹'

255 960 453 1008 Evenere3
487 961 579 999 mari
611 959 674 997 sub
707 960 868 1007 imagine
897 970 976 999 nata
1006 965 1213 1015 Venustas,

311 1035 503 1081 Mensque
532 1031 692 1080 puellari
722 1029 852 1068 fronte
884 1033 1007 1072 virilis
1039 1034 1156 1081 Inest3

256 1102 432 1158 Qualiter
462 1099 647 1141 infantem
679 1099 735 1137 vis
766 1099 933 1148 prodidit
965 1099 1077 1151 ignea
1106 1105 1319 1155 Achillem,

308 1171 426 1212 Veste
459 1171 550 1210 licet
578 1170 703 1209 sexum
732 1169 976 1210 diffimulante
1007 1184 1152 1215 marem.

253 1240 412 1283 Fallor?
438 1252 483 1278 an
516 1241 552 1277 in
581 1239 687 1275 cunis
717 1237 902 1287 plusquam
933 1244 1094 1289 puerilia
1124 1243 1222 1284 dotis

303 1311 383 1349 Iam
411 1309 623 1359 gentilitiae
651 1309 710 1346 dat
738 1309 964 1346 documenta
991 1309 1112 1359 puer?

250 1379 363 1420 Fletu
392 1390 465 1430 pro
496 1378 654 1421 misem,
685 1387 760 1425 pro
792 1377 941 1426 lugubri
972 1381 1124 1427 vagitu,

306 1451 386 1486 Iam
409 1449 559 1486 Clarios
581 1444 704 1483 blaeso
725 1456 922 1486 murmurat
951 1459 1019 1484 ore
1050 1447 1180 1488 modos
1198 1448 1218 1488 ἓ

254 1516 404 1559 Crescat
423 1519 489 1556 '1¹02
519 1517 690 1555 selvetur
719 1517 783 1552 ¹1⁶0.¹
818 1518 978 1566 fatisque
1006 1516 1170 1555 secundis

307 1588 458 1638 Inpleat
487 1585 653 1622 Eventus
684 1585 865 1635 prospera
894 1586 992 1635 figna
1019 1588 1166 1639 Bonus!

250 1660 312 1699 Te
340 1658 432 1695 duce
460 1653 570 1692 corda
599 1652 696 1692 favis
726 1655 971 1694 Libethridos
1003 1656 1129 1696 inbuat
1153 1670 1266 1708 orae,

306 1728 356 1767 Et
387 1727 588 1775 Cyrenaeis
618 1726 786 1764 fontibus
817 1737 883 1762 ora
911 1728 1016 1774 riget.

251 1800 315 1839 Te
345 1796 438 1834 duce
467 1793 667 1835 Tulliacae
698 1805 934 1834 monumenta
963 1797 1144 1845 perennia
1166 1796 1313 1842 Suadae

306 1865 458 1908 Discat,
488 1873 525 1900 et
554 1866 699 1903 Audiui
729 1866 857 1903 nobile
886 1867 980 1901 ,vatis
1008 1876 1117 1914 epos.

252 1938 324 1981 Et,
354 1936 436 1983 iuga
466 1932 611 1970 Parnasi
640 1941 697 1970 tua
726 1946 796 1981 per
827 1934 980 1982 vestigia
1011 1934 1185 1984 lustrans,

304 2004 448 2044 Gestiat
477 2003 638 2053 aequatis
667 2002 824 2052 paffious
858 2005 911 2041 ite
943 2015 1081 2044 comeS.

253 2075 357 2130 Quin
389 2074 498 2111 etiam
527 2081 668 2115 certet,
700 2072 829 2121 (vinci
862 2073 908 2110 sic
937 2075 1011 2122 ipse
1042 2076 1247 2126 vovebis.)

306 2145 346 2185 Si
377 2152 488 2194 pote,
521 2141 732 2193 progressus
761 2141 982 2192 exsuperare
1012 2147 1139 2193 patris.
