1527 2807
307 191 356 227 26
676 184 1112 221 bznrcran

373 285 556 343 Quamvis
585 283 796 334 praeradiat
816 285 970 332 major-is
999 279 1140 334 pompa
1163 283 1324 332 theatri,

427 357 485 394 Ac
508 353 688 392 tirociniis
711 361 871 402 utraque
890 354 987 392 favit
1008 353 1166 405 humus,

362 428 420 466 Vt
441 425 583 475 patriae
606 421 753 461 dulcem
773 421 892 472 possis
919 421 1141 470 abrumpere
1160 433 1324 462 amorem
1340 452 1352 469 ,

424 494 629 542 Natalique
651 489 749 529 aliud
767 490 1022 540 praeposuisse
1050 490 1181 532 solum.

374 563 434 605 Ya
459 572 614 613 quoque
634 558 826 599 Aonidum
846 569 920 597 non
943 569 1002 598 est
1023 561 1193 598 inimicus
1215 561 1372 600 alumnis
1387 590 1398 607 ,

428 633 507 672 Aut
531 631 677 680 capitur
697 627 776 666 sol'o
804 628 970 667 Doridos
996 630 1058 667 ille
1085 629 1216 668 choro,

371 703 566 742 Etnemus
591 695 813 735 Amstelium
833 705 972 744 gratam
993 698 1231 737 cantantibus
1257 697 1424 736 umbram

429 768 597 814 Sufficit,
619 772 658 802 et
677 763 829 802 mollem
852 763 988 803 fronde
1007 767 1158 805 virente
1179 773 1319 804 torum.

375 841 413 880 O
438 849 584 879 mecum
602 833 662 871 hic
680 833 818 880 satim,
844 834 942 872 laeta
960 835 1136 884 spatiatus
1159 836 1198 873 in
1224 835 1301 872 afta
1319 863 1331 881 ‚

423 907 580 947 Mireris
603 903 745 953 patriae
766 902 843 940 fata
865 904 976 942 beata
1008 916 1117 950 tuam

367 980 490 1027 Inque
508 974 589 1012 dies
614 982 772 1009 cernens
793 960 1003 1011 creacentia
1035 975 1208 1019 moenia,
1239 971 1340 1010 dicas
1361 1000 1372 1016 ,

424 1046 502 1084 Hic
523 1052 645 1080 novus
673 1041 866 1091 Amphion
891 1041 974 1080 saxa
999 1043 1203 1092 trabesque
1223 1051 1371 1080 movet.

374 1115 436 1154 An
458 1113 584 1162 potius
605 1110 764 1159 vigilum
784 1110 884 1150 mitis
906 1109 1084 1160 sapIentia
1103 1118 1254 1159 patrum

426 1184 488 1222 Ex
515 1190 598 1218 roto
616 1177 779 1229 populos
803 1178 918 1218 allicit
942 1180 1036 1218 orbe
1056 1190 1178 1217 novos
1201 1178 1220 1216 2

372 1251 447 1291 Me
469 1257 623 1298 quoque
646 1243 824 1287 felicem!
854 1248 997 1297 primae
1019 1249 1079 1286 cui
1103 1257 1196 1285 vere
1213 1246 1401 1294 juventae
1450 1248 1453 1251 “
1505 1238 1514 1254 ²'

423 1319 503 1358 Hic
524 1316 657 1362 datur,
689 1324 730 1354 et
753 1317 855 1354 canis
877 1316 1012 1355 vivere
1036 1317 1148 1367 posse
1174 1317 1305 1355 comis.

372 1385 486 1441 Quod
510 1385 535 1423 fi
559 1391 692 1422 noster
713 1394 817 1422 amor
840 1387 1063 1436 patriaeque
1082 1394 1142 1424 est
1160 1385 1279 1435 gratia
1299 1383 1408 1432 vilis,
1467 1388 1472 1402 ¹

425 1452 572 1507 (Talia
583 1451 801 1503 discerpant
822 1455 949 1491 omina
968 1452 1090 1492 -fiabra
1105 1455 1207 1493 noti!
1222 1452 1242 1503 )

373 1525 436 1563 Tc
462 1532 586 1563 tamen
609 1529 690 1559 arte
711 1521 835 1572 aliqua
857 1518 1032 1575 (frustra
1057 1533 1227 1574 pugnare
1253 1517 1425 1573 libebit)

427 1593 490 1631 Sic
510 1600 658 1629 teneam
673 1619 686 1637 ‚
712 1598 754 1629 ut
777 1602 944 1641 nequeas
967 1592 1062 1630 urbe
1082 1601 1242 1630 movere
1266 1589 1418 1640 pedem.

369 1661 459 1700 Nec
487 1668 611 1697 tamen
640 1657 835 1707 implorem
857 1659 1061 1698 Phoebeae
1079 1661 1243 1698 carmina
1264 1657 1423 1705 Circes,

428 1727 504 1766 Vel
530 1724 757 1764 Perimedeo
790 1729 894 1766 coeka
919 1739 1068 1767 venena
1097 1729 1217 1775 foco,-

372 1795 448 1838 Sed
479 1796 619 1833 Veneri
645 1806 800 1844 magnae
824 1795 956 1836 faciam
991 1797 1230 1848 impetrabile
1255 1804 1412 1843 votum,

426 1861 649 1901 Vonkiaden
674 1866 795 1915 capiat
815 1866 936 1915 patria
956 1866 1134 1916 Nympha
1159 1877 1305 1911 meum;

369 1932 596 1973 Vonkiaden
631 1934 752 1984 capiat
786 1943 978 1984 praestans
1011 1935 1158 1973 virtute
1189 1934 1342 1985 puella,

431 2003 634 2050 Progenies
657 2002 783 2052 ripae,
816 2004 972 2052 naviger
1005 2004 1083 2050 Ya,
1117 2013 1218 2047 tuae⁰
