1527 2807
388 259 808 295 1⁹02T10113

150 362 338 416 Spondet,
366 364 490 414 gloria
510 376 610 404 nunc
630 374 774 416 paratur
796 367 944 415 ingens.

149 433 324 473 Praedam
345 444 422 472 non
444 433 620 472 humilem
637 442 718 472 tuus
738 434 888 483 Cupido
900 462 914 481 ,

146 500 272 540 Plebis
295 511 365 540 nec
382 500 540 552 spolium
563 501 816 551 quotidianae,

147 570 264 609 Certo
282 578 367 611 trux
388 580 480 619 puer
497 570 672 609 affecutus
696 581 781 608 arcu
800 570 880 610 est:

149 638 251 676 Tota
272 637 438 676 constitit
457 637 519 676 hic
537 636 642 675 labor
662 637 849 687 pharetra.

150 705 209 745 En
234 705 465 756 carpzovius
488 705 578 752 ille,
605 705 668 755 qui
691 703 892 747 Minervae

146 773 240 812 Prae
262 774 395 813 cunetis
416 774 570 814 tetricae
591 773 670 813 deis
690 773 877 821 studebat,

143 842 197 880 Vt
218 843 290 890 jam
309 853 388 882 non
409 839 533 882 fimilis
555 842 622 881 fibi
643 842 688 881 fit
708 842 791 892 ipfi.

201 910 369 959 Tandem
389 911 516 950 nubila
534 910 627 950 cede
651 911 814 950 solitudo

144 978 251 1020 Leffi
271 979 453 1025 coelibis,
482 979 729 1030 horridaeque
750 980 901 1032 noctes,

146 1046 230 1084 Vos
248 1057 331 1085 cum
350 1047 548 1086 Socraticis
568 1047 687 1086 valete
709 1046 855 1086 chartis.

144 1113 286 1153 Nostes
307 1114 508 1160 sollicitae,
538 1126 708 1165 perenne
731 1114 869 1166 frigus,

143 1182 195 1222 Et
217 1194 286 1221 vos
305 1182 476 1222 difficiles
497 1183 599 1222 abite
619 1194 728 1221 curae
743 1214 755 1230 ,

140 1247 258 1292 Pallas
276 1263 360 1302 quas
378 1242 451 1290 'fibi
471 1250 575 1289 dofta
597 1250 819 1290 vindicabat.

147 1320 297 1359 Vestras
317 1319 517 1358 sarcinulas
540 1320 675 1358 habete
696 1319 828 1362 vobis,

146 1388 347 1438 Lychnos,
376 1387 533 1433 scrinia,
564 1387 719 1438 sepiam,
747 1398 950 1438 papyrum,

147 1455 288 1495 Mentis
308 1455 499 1493 carnifices
521 1455 658 1505 sopore
679 1454 807 1495 caffae.

145 1524 372 1563 Lucubratio
394 1521 550 1562 ferietur
573 1523 717 1561 omnis:

147 1591 298 1630 Alterni
324 1591 488 1630 Charifin
513 1591 584 1631 suis
605 1592 783 1641 lepores,

151 1660 200 1698 Et
221 1660 318 1698 serae
340 1660 469 1698 Venus
492 1660 651 1710 imperet
672 1661 861 1698 lucernae.

147 1727 273 1773 Hinc,
301 1726 389 1765 hinc
417 1729 519 1766 ocius
549 1730 726 1779 ociusque
753 1729 875 1775 abito,

149 1798 300 1846 Inquam
313 1825 322 1843 ,
353 1796 415 1847 qui
435 1799 554 1836 tacitas
572 1809 689 1836 vorax
709 1797 883 1836 medullas
896 1825 910 1844 ,

147 1865 311 1914 Aegrum
335 1865 397 1915 qui
420 1865 566 1915 penitus
586 1876 653 1903 cor
675 1865 856 1904 exedebas

152 1932 266 1971 Aestu
285 1941 441 1983 perpete
461 1933 641 1972 litteratus
661 1945 778 1984 angor
791 1963 802 1980 ‚

153 2000 223 2038 His
245 2011 325 2038 cum
346 1999 545 2040 sarcinulis.
574 2000 706 2046 babet3
728 2001 911 2051 peraetum
931 2000 1012 2040 est:

153 2066 324 2118 Regnant
342 2069 468 2120 gaudia
488 2067 732 2119 praeferenda
754 2071 875 2108 vobis.

584 2149 600 2175 ς
629 2142 650 2168 ⁴
