1527 2807
362 301 967 343 12:012:AE
1163 294 1248 360 455

96 399 171 455 Ille
196 411 294 450 viam
322 409 471 450 facilem
500 413 723 451 monstrabit
756 410 800 449 ad
832 410 944 450 ardua
986 412 1125 465 Pindi,

155 481 312 535 Quoque
331 482 468 532 pedem
497 479 649 527 flectas,
679 481 797 520 molle
824 485 968 531 parabit
994 485 1084 524 iter.

100 551 297 603 Tempore
320 564 395 603 quo
413 552 551 600 reliqui
581 553 706 600 primo
729 553 790 592 v'ix
821 551 969 602 pollice
997 554 1153 594 chordas·

153 622 369 662 Sollicitant
388 648 402 669 ,
431 621 544 659 docto
572 624 743 660 carmine
774 622 891 661 clarus
919 624 1008 663 eris.

100 692 270 732 Numine
299 692 349 731 fic
369 692 529 742 plenus,
557 692 687 731 nostro
713 692 764 730 fic
781 694 944 742 percitus
973 695 1130 745 oestro,

152 760 347 801 Defidizim
376 763 500 812 pelles
519 792 530 808 ‚
563 762 837 811 barbariemque
866 763 1016 810 procul.

94 830 261 872 Arcebis
292 831 413 870 fatuos
443 831 544 870 sacro
572 833 621 871 de
649 834 753 871 colle
785 834 986 884 Vacerras,

149 903 209 942 Ac
236 909 406 941 metuent
434 902 543 940 Bavii
576 902 742 941 vindicis
779 912 876 940 arina
905 912 1045 943 manus.

97 971 163 1012 Sic
192 984 290 1011 nova
313 973 551 1010 Burmannae
583 972 766 1009 tribuetur
791 971 913 1019 gloria
942 968 1072 1019 genti,

153 1042 366 1091 Gaudiaque
396 1041 434 1078 in
463 1037 609 1078 tumulo
638 1037 771 1076 sentiet
800 1040 929 1078 umbra
956 1040 1066 1078 senis.

92 1111 246 1149 Interea
275 1111 512 1160 improperae
532 1107 601 1145 tibi
631 1101 770 1145 ducent
791 1108 939 1147 stamina
963 1111 1123 1160 Parcae,

139 1178 333 1227 Mitiaque
360 1178 486 1215 aetatis
516 1185 686 1226 tempora
717 1172 808 1217 lene
837 1178 965 1219 fluent.

93 1248 262 1298 Cumque
291 1247 370 1285 dies
401 1248 555 1292 veniet,
585 1249 647 1296 qui
676 1248 775 1297 quod
803 1249 957 1288 mortale
985 1249 1184 1301 reposceu

144 1320 231 1357 Pars
269 1315 405 1356 melior
435 1318 536 1355 vitae
567 1317 678 1355 saecla
708 1319 891 1367 perennis
918 1325 1024 1366 aget;

90 1389 283 1442 Quamque
312 1385 444 1424 colunt
471 1394 597 1432 vates,
629 1386 781 1423 aeterna
805 1384 887 1424 sede
908 1395 1109 1439 receptuS,

145 1457 313 1497 Calcabis
344 1454 460 1493 Clarii
490 1454 635 1491 culmen
673 1460 864 1502 utrumque
895 1456 986 1503 iugi.

86 1525 217 1568 Finiit.
247 1535 360 1563 omen
388 1522 498 1562 adest.
529 1523 707 1562 coelestia
736 1524 834 1561 nube
858 1524 1045 1564 recedunt

143 1598 338 1648 Corpora,
369 1602 408 1634 et
437 1593 622 1633 ambrofio
651 1594 763 1645 spirat
791 1593 910 1633 odore
936 1595 1056 1634 locus.

84 1755 136 1802 Δ.
158 1758 211 1800 D.
233 1772 276 1800 rx
295 1759 374 1798 Kal.
388 1758 566 1818 Quinctil.
756 1770 928 1800 xnnzsr.
951 1773 1041 1802 cvr..
1063 1754 1181 1813 ruofi

277 1824 391 1870 175⁷·
