1527 2807
306 228 363 281 64
666 227 1044 263 n2L1c‘112

317 331 522 381 Coniuneta
554 330 675 370 secum
712 329 826 368 dulcis
860 339 898 370 ut
934 331 1062 370 vinclo
1095 330 1169 369 tori

366 404 460 441 Dies
488 401 630 449 quietos
664 398 838 438 duceret:

311 472 383 512 Pio
418 469 594 507 foverent
625 466 815 505 masculam
846 467 993 516 prolem
1028 465 1104 504 sinu

367 539 492 576 Mater
513 565 523 579 ,
555 544 728 586 paterque
760 535 1012 586 amplexibus3

313 607 391 659 Qui
424 603 585 642 moribus
613 608 789 653 probus,
814 603 946 642 docilis
985 613 1020 643 et
1060 602 1211 652 ingeni,

368 674 507 718 Matri,
555 674 718 723 patrique
749 674 951 724 gaudium:

312 743 418 782 Haec
445 741 528 780 dum
561 741 731 786 videret,
764 742 840 792 ipse
871 741 979 780 fastus
1011 741 1083 788 jam
1112 741 1247 783 senex,

367 811 459 849 Non
490 811 623 859 absque
651 812 798 849 honore
829 812 989 852 viveret.

313 877 384 923 His
420 878 598 916 annuiffet
632 877 658 916 fi
690 880 806 916 bonus
834 879 932 915 votis
972 879 1101 924 Deus,
1142 884 1148 890 ’

345 946 552 989 ,Probaffet
584 953 721 984 eventu
751 955 787 983 et
816 956 974 994 preces:

313 1013 405 1066 Quis
439 1025 516 1053 non
550 1014 692 1052 beatum
721 1015 874 1056 maxime
906 1015 1114 1055 mortalium

366 1082 546 1131 Juvenem
579 1082 676 1120 hunc
715 1082 908 1131 senemque
948 1081 1123 1119 duxerit?

311 1147 426 1186 Vides
466 1150 659 1195 tabellam,
690 1150 812 1187 nostra
842 1161 946 1198 quam
976 1150 1097 1199 pinxit
1128 1159 1280 1192 manus,

366 1215 586 1265 placentque
617 1216 741 1257 ductae
775 1218 922 1263 lineae.
1218 1218 1221 1219 ⁷

312 1283 445 1321 Amate
477 1284 584 1335 Gyfi!
625 1285 780 1335 simplici
814 1297 891 1324 non
925 1286 1059 1335 copula

368 1340 552 1391 Adstricle
585 1355 713 1392 nostro
742 1353 898 1402 peeori.

314 1420 467 1459 Placere
508 1421 651 1468 laetor,
690 1429 726 1460 et
759 1420 905 1470 placere
934 1420 1109 1469 Consuli,

371 1489 540 1537 Patrique
571 1489 688 1539 prolis
721 1489 905 1534 masculae,

317 1555 418 1594 Viro
446 1557 578 1596 marito
613 1557 780 1606 conjugis
811 1555 1060 1603 suavissimae,

372 1623 574 1672 Rebusque
602 1632 778 1663 contento
808 1625 898 1668 suis;

322 1692 410 1730 Tibi
440 1692 612 1748 placere,
640 1700 677 1730 te
701 1721 711 1737 ,
750 1701 898 1741 tuasque
922 1692 1004 1730 dum
1028 1703 1145 1740 cano,

381 1758 489 1809 Gyfii
531 1759 783 1798 beatitudines.

323 1829 376 1868 Vt
406 1828 568 1878 nuptiale
600 1827 777 1868 saeculum
810 1828 897 1868 licet
925 1830 990 1871 tibi

380 1898 468 1936 Deo
499 1896 644 1935 favente
677 1896 852 1935 condere.

330 1967 390 2005 O!
431 1965 456 2002 fi
485 1964 603 2003 soluto
635 1965 792 2016 publicis
819 1966 1002 2015 negotiis,

384 2033 536 2083 Solique
562 2030 702 2071 reddito
734 2033 848 2079 mihi,
