1527 2807
400 305 834 351 tranen.

64 415 146 456 Rex
165 413 244 464 ipse
267 420 398 452 ventos
419 412 563 453 Aeolus
585 414 703 454 frenis
723 425 849 466 tenet,

63 481 213 525 Atridet
231 483 377 528 aether,
407 485 534 522 omnia
553 495 601 523 ex
620 493 712 523 voto
735 487 868 528 fluunt.

60 551 163 605 Quin
188 558 225 589 et
250 552 398 590 vetustis
422 550 539 591 fertur
562 564 608 593 ex
628 556 819 604 oraculis,

55 619 99 661 Si
119 621 236 670 posset
254 621 301 659 iri
331 620 373 659 ad
391 630 505 669 usque
523 624 822 670 promontorium
836 652 850 670 ‚

55 688 235 737 lactisque
256 689 296 727 in
317 688 426 727 altum
449 689 604 730 molibus
626 693 729 742 iungi
750 700 875 744 caput3

53 753 216 795 Aeterna
237 765 332 799 tutae
353 760 467 798 fulcra
488 762 654 810 regionis
676 760 787 814 fore,

50 823 241 866 Felicitate
260 831 502 878 provocantis
525 829 652 877 fidem

52 893 260 947 vicinaque
281 897 428 939 aderant
458 901 615 951 pignora
635 898 798 950 ingentis
819 896 923 939 boni.

46 1029 122 1072 Sed
142 1044 229 1072 ecce
249 1032 329 1073 fatis
351 1037 516 1076 Nemesis
547 1038 722 1077 incumbit
741 1035 845 1082 solo;

47 1101 243 1152 Megaera,
275 1104 409 1154 Stygiis
434 1105 533 1144 mitra
553 1105 596 1144 de
615 1106 738 1152 vadis,
770 1104 875 1143 venit

43 1171 211 1210 Turbare
232 1180 386 1211 mentes.
445 1173 591 1212 Scelera
610 1184 690 1222 pars
712 1174 835 1212 ludum
851 1178 976 1223 putat,

44 1238 151 1278 Alius
169 1240 325 1289 saginam
344 1248 463 1288 curat,
493 1250 529 1280 et
553 1242 640 1280 luxu
661 1239 778 1280 fluens

44 1306 90 1344 In
111 1307 258 1355 publica
278 1320 414 1354 onera,
446 1319 537 1359 quae
561 1321 685 1359 parum
706 1309 837 1356 sentit,
866 1319 982 1350 tonat.

41 1374 107 1413 Tu
135 1382 262 1413 cuncta
288 1377 386 1414 verti
405 1378 572 1425 quaeris,
602 1387 640 1416 ut
659 1377 768 1416 rebus
787 1381 897 1418 novis

41 1441 232 1488 Sufflatus,
263 1444 412 1490 habeas,
442 1456 559 1490 vane,
589 1456 678 1494 quas
704 1446 855 1494 perdas,
885 1459 998 1500 opes;

40 1509 174 1558 Teque
200 1510 316 1559 ipsum
340 1513 377 1550 in
400 1512 507 1562 ipfis,
537 1514 711 1563 quicquid
731 1524 768 1554 et
791 1524 912 1559 tecum
933 1519 1083 1561 trahes?

38 1576 193 1615 Venalis
214 1578 294 1617 illic
314 1581 431 1618 anima
452 1583 584 1622 vendit
603 1584 752 1633 patriam
769 1614 782 1635 ,

42 1644 253 1696 Omnesque
280 1646 383 1686 flavis
411 1652 577 1700 posteros
598 1664 670 1702 pro
693 1655 906 1705 nummulis,

16 1701 18 1703 ’
41 1713 126 1752 Nec
155 1714 294 1761 credit,
322 1717 388 1765 ipsi
418 1719 549 1758 instare
570 1723 778 1769 perniciem
798 1722 878 1764 fibi.

40 1781 117 1820 lam
137 1793 216 1820 rara
234 1783 343 1821 vitam
363 1785 466 1822 turba
493 1786 686 1837 principiis
709 1792 782 1839 agit

36 1847 209 1888 Rationis
229 1851 366 1891 almae:
396 1862 525 1892 cuncta
546 1855 736 1904 pessundat
757 1856 885 1906 furor,

39 1917 258 1968 Multosque
275 1932 378 1960 mens
399 1924 587 1962 tenebrosa
609 1926 832 1964 transversos
851 1927 938 1976 agit.

40 1984 235 2035 Consurgit
254 1991 382 2040 ingens
405 1989 594 2039 fremitus,
627 2002 663 2033 et
682 1995 842 2044 populos
863 2005 1010 2047 movet,

35 2049 161 2089 Laffos
181 2052 308 2094 labore
322 2085 335 2103 ‚
365 2057 505 2106 fateor,
535 2069 570 2099 et
593 2061 708 2100 sumtu
726 2065 849 2113 gravi,

35 2117 112 2159 Sed
135 2131 234 2169 non,
258 2130 296 2162 ut
316 2127 418 2164 annis
438 2130 602 2179 pauculis
627 2132 764 2173 restans
782 2145 900 2187 onus,

573 2208 596 2234 ν
626 2208 648 2237 2

1101 317 1179 363 '29¹
