1527 2807
407 299 916 331 nazorei.
1121 298 1197 337 159

106 408 259 447 Vicinos
279 402 383 455 parvi
400 404 571 452 quoniam
593 399 838 450 perrepfimus
857 408 990 447 agrosg

104 478 212 516 Parvi
231 475 273 513 ad
294 474 387 512 idem
416 471 550 509 fiumen
572 479 701 520 potum
723 468 934 507 deduximus
953 479 1076 518 agnos.

106 544 178 585 Sed
197 544 406 593 quicunque
434 544 537 580 Deus
557 540 647 579 mihi
670 540 803 578 sortem
827 540 1002 578 inviderit
1023 539 1146 591 istam,

102 615 210 653 Vitra
234 622 295 652 aut
312 613 366 651 nii
387 613 505 662 potuit
524 611 755 661 quantumvis
781 609 914 648 lividus
929 641 939 657 ‚
971 618 1032 648 aut
1053 623 1110 650 me

103 684 262 723 Lumine
291 694 368 722 non
389 681 480 720 adeo
500 681 644 720 tandem
665 677 826 731 respexit
845 681 974 727 iniquo
988 708 1001 728 ,

104 754 253 804 Totque
281 765 348 803 per
367 753 533 800 ambages
558 753 595 790 in
620 752 768 802 plnguia
797 749 925 788 detulit
947 761 1055 800 arva,

109 824 212 864 Olim
240 822 426 861 Nereides
457 822 632 870 visentis,
661 821 804 862 conscia
833 819 974 856 Rheni.

105 893 189 932 lilic
212 893 334 931 nostra
359 892 465 930 brevi
484 900 619 933 tantum
649 890 846 929 concordia
875 891 1023 938 crevit,

106 963 204 1000 Dum
225 964 373 1012 paribus
394 962 518 999 studiis
545 958 703 999 iucunde
732 961 898 1010 degimus
926 971 1078 1010 aevum,

104 1031 272 1070 Oceanus
290 1040 480 1080 quantum,
514 1031 628 1067 cautis
653 1028 864 1068 inflantibus
886 1042 1046 1081 aequor,

102 1101 286 1140 Accrescit
314 1099 450 1138 refluus
481 1099 597 1150 pleno
624 1098 686 1137 sub
716 1097 828 1138 fidere
860 1101 1007 1149 Lunae,

100 1170 293 1220 Belgarum
320 1168 410 1206 haud
434 1181 598 1219 umquam
620 1181 722 1218 mage
741 1168 992 1209 formidandus
1015 1172 1149 1211 arenis.

100 1240 185 1279 lllic
205 1238 359 1287 eloquio
378 1241 517 1276 cunctis
536 1240 783 1289 praestantior
805 1249 895 1278 unus
909 1266 921 1283 ‚

101 1310 150 1348 Et
170 1307 287 1346 facilis
309 1307 465 1346 nitidum
485 1316 632 1346 carmen
654 1307 890 1357 depromere,
925 1307 1057 1346 musam

101 1379 240 1428 Coepit
259 1387 376 1415 amare
398 1387 535 1422 meam,
565 1383 602 1414 te
623 1376 872 1422 conciliante,
902 1375 1112 1416 Paiaemon.

101 1449 185 1487 Illic
206 1447 278 1497 ipse
306 1447 393 1484 meis
419 1443 595 1496 applausit
613 1442 744 1482 lusibus
770 1445 924 1494 Aegon,

104 1520 236 1560 Gioria
256 1517 439 1568 pastorum
453 1545 463 1561 ,
493 1525 569 1565 quo
589 1523 698 1553 nemo
724 1517 881 1565 peritior
901 1515 991 1555 alter

101 1589 195 1628 Arte
224 1584 412 1637 Syracosia
432 1583 632 1622 Honandas
652 1588 813 1624 animare
834 1586 981 1624 cicutas.

99 1658 189 1697 Post
217 1668 258 1695 ea
283 1667 352 1694 nec
374 1653 512 1691 socium
532 1664 592 1691 me
612 1652 829 1701 dedignatus
851 1654 985 1693 habere

98 1728 136 1766 T
139 1725 273 1777 hyrsss,
296 1734 383 1762 oves
406 1723 481 1761 alio
501 1731 575 1761 tum
602 1721 722 1760 forsan
744 1722 787 1759 ab
806 1724 896 1762 orbe
922 1722 1120 1765 reducens.

97 1797 194 1836 Nam
217 1793 386 1834 Tamesin
409 1800 584 1843 propter,
614 1791 730 1830 niveo
750 1792 819 1842 que
836 1804 990 1834 munere
1012 1795 1117 1836 lanae

99 1862 335 1902 Praecellunt
352 1862 533 1913 pecudes,
563 1862 688 1902 felicia
708 1861 870 1911 gramina
889 1863 1032 1911 pastae,

99 1930 289 1969 Haeserat.
311 1932 381 1968 huc
402 1930 543 1980 pridem
563 1941 667 1982 pater
688 1931 790 1970 illum
811 1932 952 1971 miserat
974 1932 1131 1983 Aegorn

100 1998 150 2039 Et
171 1999 305 2048 patriae
320 1998 505 2048 aequalem
524 2001 652 2040 mirata
670 2001 856 2041 Britannia
876 1999 991 2039 famae
1010 2002 1076 2040 est.

102 2066 258 2115 Singula
277 2078 379 2116 quam
400 2071 604 2111 meminisse
624 2073 747 2117 iuvat,
788 2078 1004 2122 tempusque
1021 2075 1213 2122 peractum·

103 2134 235 2176 Mente
258 2138 419 2179 remetiri
432 2168 445 2190 ,
471 2151 548 2190 quo
563 2152 631 2181 nos
649 2140 870 2193 quandoque
889 2139 1050 2182 iacentes
