1527 2807
357 299 792 336 trxreai

1060 305 1133 344 231

20 390 116 460 Quis
145 405 232 445 huic
252 431 263 449 ,
303 403 384 450 quis
421 412 577 451 unquam
607 410 819 451 comparem
849 400 886 442 se
914 400 1093 453 praestitit

130 476 278 514 Heroas
315 472 411 511 inter
444 473 649 519 maximos,

24 544 211 585 Generosa
245 542 357 580 virtus
393 552 484 591 quos
516 552 585 591 per
615 540 685 579 alta
717 540 833 581 fidera

131 599 255 651 Coelo
284 611 420 649 locavit
450 609 593 649 arduo?

26 685 165 725 Orbem
191 679 357 721 domavit
390 679 456 719 ille
489 688 631 727 totum,
659 686 699 718 et
727 679 898 728 gentibus

130 752 214 790 Rex
241 750 437 800 imperavit
467 747 613 787 efferis:

27 822 99 864 Sed
127 820 214 872 post
246 830 426 858 venenum
454 816 565 855 fortis
597 816 663 854 ille
691 815 842 855 fortium

131 893 214 929 Rex
247 890 413 935 imbibit,
453 895 491 926 et
520 887 673 924 animam
702 883 805 925 miser

25 960 114 1001 Post
140 966 235 997 tanta
263 956 353 995 facta
381 958 502 1006 ponit.
558 956 639 997 En,
668 965 776 1003 quem
806 954 923 996 millia

134 1030 295 1067 Potuere
322 1036 498 1074 nunquam
526 1025 682 1063 rnilitum

21 1098 170 1137 Virtute
201 1102 238 1133 et
270 1094 377 1131 armis
406 1093 579 1132 luctuofis
612 1094 789 1142 vincere,

137 1165 211 1202 lam
245 1162 368 1213 perdit
397 1163 539 1203 haustus
570 1166 717 1204 unicus!

24 1236 166 1282 Livore
195 1232 347 1282 dignum
376 1233 454 1282 quis
483 1234 703 1284 Polycraten
735 1239 861 1286 putat,'

132 1303 316 1353 Superbus
350 1299 461 1349 ipsam
492 1303 693 1351 quamlibet

24 1376 172 1418 Sortem
198 1371 372 1409 subactam
397 1369 566 1410 crederet
598 1371 666 1410 fibi
700 1382 847 1421 vagam,

133 1443 234 1482 Dum
259 1437 387 1476 damna
414 1449 602 1488 nunquam
629 1438 801 1481 fecerat?

23 1512 245 1558 Nimiaeque
276 1518 384 1558 quem
413 1506 600 1547 felicitatis
633 1509 791 1557 taeduit,

131 1572 276 1626 Fugere
308 1587 416 1627 quem
447 1578 630 1628 pericula;

25 1649 74 1688 Et
109 1647 257 1694 damna,
306 1645 436 1685 damna
460 1645 544 1684 dum
576 1647 637 1686 vel
669 1646 746 1699 ipse
775 1650 1000 1699 quaereret?

125 1715 225 1770 Quid
253 1714 395 1754 multa?
423 1714 673 1757 feliciffimum

27 1786 78 1827 Se
107 1786 335 1836 nuncupabat
367 1786 532 1825 omnium
551 1785 775 1826 mortalium.

126 1856 270 1895 Livore
302 1853 451 1904 dignum
479 1865 559 1894 non
587 1855 723 1906 putas?

35 1920 147 1966 Certe
180 1923 351 1963 videtur:
382 1922 469 1971 sed,
497 1934 660 1973 precor,
688 1923 768 1972 dic,
797 1924 856 1966 dic
888 1929 1003 1978 mibi,

138 1994 277 2033 Livore
307 1993 616 2044 nonne-dignior

32 2064 114 2105 Fuit
144 2062 318 2114 superbus
347 2062 412 2102 ille
443 2064 548 2111 Rex,
592 2064 637 2104 ab
667 2065 832 2107 hostibus

144 2130 280 2182 Captus
306 2132 609 2183 potentioribus,
670 2171 674 2175 ,

564 2212 637 2250 «4
