1527 2807
343 302 943 335 ιιιοῐιει.
1102 301 1194 344 473,

69 405 222 458 Aggerit
246 405 278 446 is
306 415 524 452 tenerasque
548 404 645 442 rosas
672 415 712 440 ac
733 402 821 440 mite
841 411 1029 452 papaver,

125 479 172 517 Et
193 479 291 515 locat
314 478 349 514 in
373 475 528 512 mollem
562 472 691 510 mollia
711 472 874 510 membra
895 480 1030 510 torum.

69 548 146 589 Hic
175 549 278 586 viola
300 556 338 585 et
366 553 508 584 croceo
536 551 647 578 cunas
671 539 859 587 distinguit
888 540 1068 586 acantho,

124 615 242 655 Addit
263 627 321 661 et,
354 613 544 664 Hyblaeas
567 607 667 657 quod
692 610 791 646 bene
810 608 925 657 pascat
946 619 1043 656 apes.

72 685 190 723 Trina
220 685 349 723 Charis
372 684 508 721 ducunt
530 678 711 723 choreas,
743 677 933 726 risusque,
956 676 1162 726 leporque,

126 754 349 802 Mellitique
369 753 465 799 ioci,
496 749 777 795 blanditiaeque
808 748 925 784 leves.

73 823 184 861 Graia
209 823 335 859 Venus
360 815 505 860 teneris
537 819 695 857 instillat
721 815 829 855 mella
857 815 1033 862 labellis,

126 893 226 930 Dum
257 892 396 939 recipit
428 902 578 939 puerum
608 889 723 928 Suada
749 886 876 926 Latina
900 885 991 923 finu.

73 958 172 997 Ecce
203 956 307 996 ve'nit
338 957 427 995 Clio
455 957 543 997 fusis
573 970 638 1008 per
667 957 764 996 colla
793 955 966 1004 capillis,

126 1025 234 1064 Nuda
262 1025 414 1074 pedem,
445 1026 557 1064 nivea
585 1026 846 1075 conspicienda
874 1025 973 1072 toga.

71 1093 337 1142 Acceleratque
363 1093 518 1143 gradus,
547 1093 708 1145 genialia
730 1095 830 1134 dona
862 1092 1071 1142 ferentum,

128 1163 346 1201 Castalidum
377 1164 468 1202 Clio
497 1175 577 1201 cum
607 1164 701 1205 duce
729 1172 808 1202 tota
833 1165 989 1203 cohors.

72 1231 182 1270 Talia
213 1230 384 1280 Calliope
412 1233 504 1278 tibi,
538 1233 665 1279 belle,
693 1231 898 1282 crepundia
928 1232 1057 1278 sunto,

127 1302 275 1348 Inquit.
309 1310 349 1338 et
377 1301 570 1338 aeneolam
601 1301 763 1350 porrigit
793 1300 856 1338 illa
885 1302 1020 1340 tubam.

73 1370 158 1414 En,
187 1371 239 1408 ait
268 1370 460 1418 Euterpe3
493 1368 583 1418 (tibi
611 1371 681 1408 erit
708 1367 861 1418 quoque
892 1371 984 1408 tibia
1014 1369 1156 1423 curae.)

127 1440 294 1489 Accipe,
322 1450 414 1488 quae
445 1435 570 1485 digitis
599 1439 691 1475 tibIa
720 1436 814 1475 facta
846 1440 956 1477 meis.

71 1510 328 1559 Melpomene
356 1509 444 1558 picti
477 1506 536 1544 dat
565 1507 719 1557 parvula
747 1508 873 1546 vincla
911 1511 1112 1559 cothurni,

128 1579 201 1615 Dat
228 1585 364 1615 tenero
393 1576 520 1614 soccos
550 1577 682 1615 blanda
712 1578 844 1616 Thalia
872 1579 973 1627 pedi.

74 1645 233 1686 Caetera
263 1644 366 1682 turba
393 1647 492 1691 gerit
523 1647 666 1685 vitreos
694 1646 738 1685 de
765 1645 873 1687 fonte
906 1649 1083 1700 lapillos,

127 1715 203 1753 Per
230 1722 322 1761 quos
351 1711 527 1752 Castaliae
555 1715 688 1753 defluit
716 1715 848 1753 humor
878 1727 1012 1766 aquae;

72 1784 224 1824 Montis
253 1793 292 1821 et
319 1782 435 1820 Aonii
464 1783 576 1820 lectas
605 1783 644 1820 in
672 1784 814 1822 vertice
845 1783 1000 1833 lauros,

131 1855 258 1902 Atque
290 1851 448 1891 hederae
487 1852 664 1890 ornandis
695 1857 863 1902 germina
897 1856 992 1894 lenta
1022 1861 1165 1904 comis,·

77 1925 256 1978 Quasque
286 1922 370 1960 tulit
399 1924 553 1961 niveas,
580 1922 693 1972 capiti
721 1923 973 1971 decoramina,
1006 1928 1177 1976 plumas,

132 1996 255 2031 Amne
285 1991 490 2030 Medusaeo
517 1993 579 2041 qui
610 2002 734 2038 natat,
764 1994 867 2033 albus
896 1996 1005 2041 olor;
1167 1985 1172 1993 ¹

76 2061 216 2104 Pocula
245 2058 458 2111 praecipue
488 2061 681 2112 spumantis
712 2061 822 2111 plena
862 2063 1042 2113 liquoris,

130 2129 244 2171 Vnde
272 2128 393 2170 calent
420 2129 537 2171 Clarii
563 2139 692 2181 pectus
719 2141 759 2171 et
787 2143 851 2173 ora
881 2136 966 2174 viri.

658 2197 716 2238 121·
747 2211 768 2250 5
