1527 2807
427 280 467 313 ι·
508 283 538 315 τ
589 287 615 316 ι
669 287 686 315 r
740 278 889 318 esni·

69 380 206 425 Dulcis
236 378 373 432 poeta!
403 386 565 424 muneris
596 387 650 425 est
680 387 765 433 tui,

126 454 308 493 Poeticae
337 464 396 492 me
425 454 528 492 Artis
555 455 701 494 sacratas

179 525 274 563 Non
301 524 451 573 penitus
481 522 633 561 violasse
663 522 792 573 leges.'

72 594 186 636 nasci
216 595 365 645 poetam
395 603 506 643 quem
529 592 653 630 voluit
683 595 800 641 deust,
836 626 840 631 .

73 663 235 714 Linguis
264 664 377 713 poeta
401 663 458 703 est
486 663 676 700 omnibus.
703 661 814 700 Hinc·
832 670 892 700 tua

129 729 271 772 luvere
300 744 357 770 me
387 740 592 782 praecepta
622 732 786 780 semper,

183 799 258 839 Seu
285 801 467 850 patrium,
500 802 695 842 Latiumve
722 800 859 841 vellem

77 871 220 911 Fecifl'e
248 881 410 910 carmen.
470 874 597 917 Hinc,
628 869 766 920 positae
790 872 908 921 mihi,

78 940 235 989 Semper
262 942 415 979 canenti
444 939 673 990 profuerunt
698 948 781 976 tuae

132 1012 272 1059 Leges.
328 1008 508 1058 Magister
537 1006 585 1044 fic
614 1006 808 1054 sequentes

186 1078 403 1128 Discipulos
430 1076 526 1124 rapit
556 1077 594 1113 in
624 1075 817 1124 furorem,

74 1149 253 1199 Artisque
281 1147 402 1186 reddit
431 1147 640 1196 participes
669 1147 769 1186 suae.

76 1219 190 1265 Hoc,
220 1219 245 1256 fi
274 1217 365 1267 quid
397 1218 483 1255 artis
514 1216 568 1254 est
595 1217 710 1263 mihi,
743 1220 895 1257 numina

128 1290 286 1330 Debere
314 1297 372 1324 me
395 1283 514 1324 totum
544 1287 618 1322 tuis
648 1287 724 1324 hoc

187 1357 420 1395 Carminibus
442 1350 629 1400 voluere,
659 1355 782 1393 Petre-

77 1427 196 1466 Marti
223 1434 328 1475 atque
355 1423 515 1462 Phoebo
546 1422 795 1461 Broukhufius
826 1425 918 1466 iacet

81 1495 282 1542 Dilectus,
312 1499 349 1530 et
377 1503 458 1530 cum
487 1492 748 1539 Broukhufio,
779 1498 877 1544 patri

135 1567 254 1604 Carus
283 1574 398 1609 meo,
429 1573 610 1611 carusque
642 1562 826 1613 Phoebo,

185 1632 382 1677 Francius,
413 1631 605 1669 Aonidum
632 1634 811 1672 venustus

81 1705 226 1744 Ductor
256 1701 434 1741 choreae.
489 1701 724 1740 Broukbufio
753 1711 819 1742 tuo

84 1774 182 1819 I‘at,
211 1771 468 1820 Francioque‚
500 1769 596 1807 solus
625 1771 712 1810 ades
742 1774 859 1820 mihi,

140 1845 380 1886 Burmanne,
412 1847 634 1878 cunctorum
665 1842 779 1880 instar
807 1853 923 1891 unus,

189 1910 314 1959 Atque
343 1907 605 1947 Novenfiiium
635 1912 801 1949 sororum

86 1978 256 2022 Iucunde
285 1978 480 2028 princeps!
511 1978 581 2017 ule
609 1980 724 2029 patris
752 1983 826 2020 mei

88 2050 139 2089 Et
168 2047 234 2087 ille
261 2047 414 2087 amicus,
443 2047 583 2088 ducere
613 2050 650 2087 in
679 2049 832 2091 arduum

140 2118 310 2165 vterque
338 2116 495 2158 Pindum
524 2131 582 2160 me
614 2121 826 2160 audientem

232 2181 241 2200 ¹
690 2197 715 2237 Ρ
745 2198 766 2236 s

1123 289 1198 329 ²17
1223 309 1225 311 -
