1527 2807
342 310 961 346 ,ιιιοιιειῖ
1056 296 1214 357 ’471

91 408 190 461 Hic,
218 412 283 452 ubi
307 411 482 454 ruricolis
501 412 695 453 servantur
725 413 774 454 et*
786 416 862 454 otia
893 415 1038 464 Mufis‚'

150 482 307 537 Quaque
336 485 416 524 suus
442 479 607 521 Phoebo
630 485 873 523 continuatur
902 485 1040 527 honos.

93 556 194 595 Nam
225 565 343 604 neque
364 554 508 593 socordi
541 565 646 592 mens
677 555 730 593 est
756 562 911 604 torpere
946 561 1136 609 veterno}

147 626 225 664 Aut
247 626 395 664 trahere
425 622 552 674 optata
581 623 754 672 languida
787 624 952 661 membra
982 624 1063 668 die.

96 692 184 742 lpse
206 692 451 731 Machaonias
484 701 574 727 curo
595 689 657 728 seu
676 690 821 729 sedulus
842 698 959 736 artes,

146 760 404 813 Tra'nfigimus
428 760 564 801 Clariis
593 769 769 809 tempora
798 758 876 798 five
906 760 1038 800 modis.

97 831 250 871 Excitat
271 834 336 872 hic
359 840 560 874 numeros,
582 828 627 865 ad
657 830 812 866 barbara
842 831 952 868 litora
971 832 1081 870 terris

148 903 326 942 Ausoniis
350 901 532 953 profugus
548 926 558 941 .
589 897 688 936 Naso
710 898 823 947 poeta
845 907 966 935 meos.

96 968 168 1016 Et,
199 973 258 1019 qui
286 967 491 1010 Terminiis
519 967 660 1005 cecinit
685 967 896 1010 Ludovicus
928 968 969 1006 in
994 966 1159 1014 umbris,‘

154 1038 317 1076 Percutit
344 1037 411 1076 hic
440 1037 594 1075 niveum
626 1037 821 1085 religiosus
848 1038 955 1076 ebur.

99 1106 175 1145 Seu
207 1107 239 1145 T
244 1105 382 1146 hemidi
410 1106 522 1144 sacras
553 1106 673 1144 socius
702 1117 784 1144 non
813 1105 975 1155 denegat
1005 1105 1133 1147 horas.

151 1169 305 1211 Mature
335 1183 374 1211 ut
402 1176 573 1222 querulas
598 1177 775 1226 surgimus
807 1178 906 1215 inter
933 1185 1043 1219 aves;

96 1241 299 1292 Reliquiae
323 1243 433 1293 preffi
455 1245 547 1285 mibi
581 1247 671 1284 dant
704 1245 885 1284 ientacuia
915 1244 1040 1288 iactis.

159 1315 340 1366 Quasque
368 1314 484 1352 serum
506 1316 643 1353 merito
675 1314 808 1352 rustica
832 1314 934 1352 turba
956 1321 1083 1358 vocat;

101 1383 282 1433 Corpore
300 1384 402 1432 quod
425 1382 546 1421 labem
568 1383 676 1421 succo
697 1381 895 1431 depellere
919 1382 1090 1429 aquosam

157 1454 330 1496 Dicitur,
353 1452 555 1491 innumeris
585 1460 622 1491 et
650 1452 833 1490 medicina
863 1452 983 1490 malis.

99 1521 238 1559 Caffea
262 1520 324 1559 sed
354 1521 445 1560 socii
468 1531 562 1570 grata
585 1522 638 1559 est
667 1522 782 1560 diluta
817 1520 961 1569 palat03

158 1593 228 1629 Me
258 1592 359 1630 iuvat
382 1594 495 1637 haec,
525 1591 650 1630 cando
680 1603 765 1630 cum
798 1593 895 1630 nitet
926 1593 1013 1638 igne
1045 1591 1175 1634 focus.=

100 1658 200 1696 Mox
223 1658 320 1696 redit
345 1661 433 1698 hinc
454 1661 567 1698 vivax
591 1658 794 1697 studiorum
819 1657 980 1696 sensibus
1010 1658 1150 1707 ardor,

157 1728 280 1776 Atque
307 1729 439 1767 alacris
474 1727 617 1766 solitum
645 1730 800 1778 quisque
830 1727 979 1767 resumit
1009 1739 1120 1780 opus-

105 1798 269 1837 Plurima
300 1798 346 1836 fic
373 1800 520 1837 mediae
549 1800 775 1837 consumitur
805 1801 899 1838 hora
927 1797 1030 1845 diei,

156 1867 201 1905 Et
230 1869 431 1907 matutinae
462 1877 632 1915 tempora
665 1869 754 1905 lucis
785 1877 896 1910 eunt.

102 1934 244 1974 Donec
262 1949 349 1975 anus
373 1937 466 1987 frugi
493 1935 558 1972 vix
579 1933 707 1974 stratae
733 1934 874 1975 fercula
903 1923 1052 1978 menf'zro

158 2003 326 2047 Afferat;
357 2002 408 2042 his
434 2000 541 2041 luxsss
570 2011 602 2039 at
631 2003 743 2042 decus
772 2007 894 2043 omnis
923 2006 1039 2044 abest.

107 2068 232 2108 Aurea
252 2071 488 2120 ssmplicitas,
509 2069 640 2108 dudum
668 2082 760 2120 quae
788 2083 886 2121 grata
908 2073 1088 2122 colonis,

162 2139 208 2178 ln
238 2137 491 2189 biygeest'iaco
519 2143 754 2181 combinatur
782 2154 888 2192 agro.
