1527 2807
362 250 960 290 ιιεῦιΑεΑᾸ
1145 266 1228 309 439

84 361 132 402 Et
165 359 272 398 libuit
303 355 413 405 fatis,
444 357 605 407 pofitum
637 359 710 396 iam
741 357 871 395 mortis
899 359 940 397 in
973 359 1058 412 ipso

127 429 308 473 Limine,
337 425 380 463 ad
408 436 589 467 externos
621 427 853 479 proripuiffe
887 429 1014 471 focos.

78 497 204 546 Aeger
244 504 282 535 et
318 494 480 534 instabili
513 494 633 535 fuerat
666 495 859 534 iactandus
889 498 926 536 in
949 497 1053 547 alto,

131 564 392 615 Languidaque
413 564 454 603 in
486 563 578 602 dura
600 565 768 603 membra
789 564 951 606 locanda
975 570 1097 610 trabe,

73 636 264 689 Quantum
291 642 393 680 erat,
425 640 461 672 ut
491 640 605 671 notos
634 633 765 682 egiffes
788 646 876 676 ante
903 639 1065 679 Penates

128 705 333 753 Temporis
363 706 565 752 exiguum,
595 703 697 752 quod
726 705 796 742 tibi
829 707 943 746 Parca
973 710 1107 754 dabat?

69 772 150 813 Hic
178 770 281 812 certe
309 772 450 812 affecto
483 771 657 810 solamina
681 774 790 823 plura
825 776 990 817 tulissent

123 845 213 881 lure
245 843 420 883 sodalitio
449 849 603 893 pectora
634 843 755 881 iuncta
785 844 870 884 tibi.

66 910 134 950 Est
169 911 313 964 aliquid
340 925 446 953 caros
476 920 649 950 extremo
680 912 914 964 intempore
944 913 1070 955 vultus

123 980 318 1029 Cernere,
350 991 388 1022 et
419 988 611 1020 aeternum
642 977 778 1018 dicere
805 983 910 1030 poffe
932 983 1034 1023 vale.

4 1068 18 1099 -l
64 1046 150 1097 Ipse
177 1059 251 1097 ego
282 1060 360 1087 non
391 1048 462 1088 vifi
491 1057 550 1088 tot
581 1050 653 1088 iam
681 1048 887 1089 labentibus
914 1054 1028 1093 annis

118 1117 325 1157 Preffiffem
358 1117 498 1168 gelidas
528 1120 604 1158 boc
636 1117 755 1158 semel
797 1132 867 1160 ore
891 1132 1029 1171 genas.

65 1186 206 1229 Forsan
233 1196 272 1226 et
305 1188 434 1227 utilior
457 1188 601 1238 patriae
627 1187 699 1224 tibi
723 1187 876 1238 spiritus
906 1201 1019 1231 aurae

121 1256 158 1293 T
162 1254 313 1296 ardaffet
332 1257 484 1306 Stygiae
513 1257 598 1296 vela
628 1260 735 1296 citata
767 1259 867 1296 ratis,

0 1356 3 1358 .
65 1326 132 1368 Bis
165 1325 236 1362 tria
259 1323 371 1362 lustra
392 1323 507 1374 fugax
531 1325 696 1364 nondum
729 1324 948 1366 decurrerat
968 1333 1095 1378 aetas;

0 1389 3 1400 '
124 1395 233 1433 Facta
261 1394 334 1431 tuis
364 1393 494 1434 medio
527 1395 621 1436 calle
656 1397 763 1434 ruina
796 1397 906 1434 rotis.

0 1499 4 1518 ἶ
65 1463 153 1507 Nec
177 1464 272 1501 iuvit
293 1463 423 1501 nostro
446 1463 587 1502 candor
616 1462 816 1502 rarifflmus
846 1473 968 1510 aevo,

121 1534 356 1583 Pectoraque
385 1537 550 1573 Actaeae
583 1534 745 1572 cultibus
777 1540 861 1583 apta
884 1530 1004 1575 deae3

67 1603 222 1654 Proque
258 1603 372 1643 salute
404 1605 467 1641 tua
503 1610 559 1643 tot
586 1600 733 1641 fervida
764 1609 850 1639 vota
880 1600 1092 1655 bonorum,

123 1675 289 1723 vitaque
320 1672 422 1722 qubd
452 1679 534 1710 tota
566 1670 621 1708 est
648 1669 793 1718 puriter
821 1678 901 1708 acta
924 1671 1011 1711 tibi.

0 1741 5 1745 ’
71 1744 177 1796 Quin
199 1745 340 1789 Mors,
374 1738 561 1779 debilibus
587 1736 776 1775 subducto
798 1736 977 1788 sanguine
1001 1739 1203 1792 membris,

124 1811 199 1850 HIs
230 1810 365 1849 dudum
395 1809 537 1849 meritis
566 1807 734 1846 infidiata
766 1805 858 1853 fuit;

72 1879 263 1922 Hactenus
299 1889 333 1918 at
357 1883 520 1917 dextram
549 1879 783 1919 minitantem
813 1879 915 1918 Ditis
943 1880 1049 1920 avari

126 1947 320 1987 Credibile
346 1948 401 1986 est
426 1948 540 1998 ipsum
569 1945 800 1987 continuiffe
828 1944 966 1991 dcum;

71 2020 138 2061 Ne
169 2026 276 2067 pater
305 2019 345 2054 in
371 2027 457 2056 nato
479 2020 673 2068 quicquam
703 2014 936 2065 lacrymabile
967 2015 1148 2065 haberet,

129 2087 222 2129 Neu
252 2086 366 2128 surdo
400 2087 574 2130 caderent
604 2088 711 2126 irrita
744 2095 833 2124 vota
862 2082 981 2136 polo,-

642 2155 767 2209 ff4
