<?xml version="1.0" encoding="UTF-8"?>
<!DOCTYPE html PUBLIC "-//W3C//DTD XHTML 1.0 Transitional//EN"
    "http://www.w3.org/TR/xhtml1/DTD/xhtml1-transitional.dtd">
<html xmlns="http://www.w3.org/1999/xhtml" xml:lang="en" lang="en">
 <head>
  <title>
</title>
<meta http-equiv="Content-Type" content="text/html;charset=utf-8" />
  <meta name='ocr-system' content='tesseract 3.04.00' />
  <meta name='ocr-capabilities' content='ocr_page ocr_carea ocr_par ocr_line ocrx_word'/>
</head>
<body>
  <div class='ocr_page' id='page_1' title='image "./carmina00santuoft_0074.png"; bbox 0 0 1527 2807; ppageno 0'>
   <div class='ocr_carea' id='block_1_1' title="bbox 245 248 974 288">
    <p class='ocr_par' dir='ltr' id='par_1_1' title="bbox 245 248 974 288">
     <span class='ocr_line' id='line_1_1' title="bbox 245 248 974 288; baseline -0.01 -1"><span class='ocrx_word' id='word_1_1' title='bbox 245 255 338 288; x_wconf 78' lang='lat' dir='ltr'><strong>xvm</strong></span> <span class='ocrx_word' id='word_1_2' title='bbox 632 249 647 279; x_wconf 79' lang='lat'>1</span> <span class='ocrx_word' id='word_1_3' title='bbox 699 249 728 279; x_wconf 71' lang='lat' dir='ltr'>N</span> <span class='ocrx_word' id='word_1_4' title='bbox 779 249 806 279; x_wconf 78' lang='lat' dir='ltr'>D</span> <span class='ocrx_word' id='word_1_5' title='bbox 857 248 881 277; x_wconf 73' lang='lat'>2</span> <span class='ocrx_word' id='word_1_6' title='bbox 934 248 974 280; x_wconf 62' lang='grc' dir='ltr'><strong>Χ.</strong></span> 
     </span>
    </p>
   </div>
   <div class='ocr_carea' id='block_1_2' title="bbox 392 358 1234 401">
    <p class='ocr_par' dir='ltr' id='par_1_2' title="bbox 392 358 1234 401">
     <span class='ocr_line' id='line_1_2' title="bbox 392 358 1234 401; baseline -0.001 0"><span class='ocrx_word' id='word_1_7' title='bbox 392 359 748 401; x_wconf 87' lang='lat' dir='ltr'><em>RVLANDVS</em></span> <span class='ocrx_word' id='word_1_8' title='bbox 791 358 1234 401; x_wconf 84' lang='lat' dir='ltr'><em>KINSCHOTIVS.</em></span> 
     </span>
    </p>
   </div>
   <div class='ocr_carea' id='block_1_3' title="bbox 253 416 1380 582">
    <p class='ocr_par' dir='ltr' id='par_1_3' title="bbox 253 416 1380 582">
     <span class='ocr_line' id='line_1_3' title="bbox 1311 426 1337 452; baseline 0 0"><span class='ocrx_word' id='word_1_9' title='bbox 1311 426 1337 452; x_wconf 90' lang='lat' dir='ltr'><em>a</em></span> 
     </span>
     <span class='ocr_line' id='line_1_4' title="bbox 256 416 1378 514; baseline 0 -7"><span class='ocrx_word' id='word_1_10' title='bbox 256 469 298 508; x_wconf 87' lang='lat' dir='ltr'><strong>In</strong></span> <span class='ocrx_word' id='word_1_11' title='bbox 331 468 397 505; x_wconf 85' lang='lat' dir='ltr'>iter</span> <span class='ocrx_word' id='word_1_12' title='bbox 420 467 615 505; x_wconf 87' lang='lat' dir='ltr'>Suecicum</span> <span class='ocrx_word' id='word_1_13' title='bbox 638 475 675 504; x_wconf 87' lang='lat' dir='ltr'><strong>et</strong></span> <span class='ocrx_word' id='word_1_14' title='bbox 694 467 864 514; x_wconf 60' lang='lat' dir='ltr'>poemata</span> <span class='ocrx_word' id='word_1_15' title='bbox 887 465 1018 504; x_wconf 83' lang='lat' dir='ltr'><strong>Nicol.</strong></span> <span class='ocrx_word' id='word_1_16' title='bbox 1040 464 1194 506; x_wconf 83' lang='lat' dir='ltr'><strong>Heinfii.</strong></span> <span class='ocrx_word' id='word_1_17' title='bbox 1248 494 1258 506; x_wconf 93' lang='lat'>.</span> <span class='ocrx_word' id='word_1_18' title='bbox 1277 416 1378 514; x_wconf 46' lang='grc' dir='ltr'><strong><em>1336ἕῖ</em></strong></span> 
     </span>
     <span class='ocr_line' id='line_1_5' title="bbox 253 533 1380 582; baseline -0.003 -8"><span class='ocrx_word' id='word_1_19' title='bbox 253 535 436 574; x_wconf 76' lang='lat' dir='ltr'>Auriacus</span> <span class='ocrx_word' id='word_1_20' title='bbox 469 533 618 580; x_wconf 77' lang='lat' dir='ltr'><strong>hospes.</strong></span> <span class='ocrx_word' id='word_1_21' title='bbox 774 559 786 570; x_wconf 92' lang='lat'>.</span> <span class='ocrx_word' id='word_1_22' title='bbox 942 559 955 571; x_wconf 86' lang='lat'><strong>.</strong></span> <span class='ocrx_word' id='word_1_23' title='bbox 1106 560 1119 574; x_wconf 91' lang='lat'><strong>.</strong></span> <span class='ocrx_word' id='word_1_24' title='bbox 1249 560 1263 574; x_wconf 91' lang='lat'><strong>.</strong></span> <span class='ocrx_word' id='word_1_25' title='bbox 1288 536 1380 582; x_wconf 85' lang='lat'><strong>362.</strong></span> 
     </span>
    </p>
   </div>
   <div class='ocr_carea' id='block_1_4' title="bbox 383 649 1249 691">
    <p class='ocr_par' dir='ltr' id='par_1_4' title="bbox 383 649 1249 691">
     <span class='ocr_line' id='line_1_6' title="bbox 383 649 1249 691; baseline 0 -1"><span class='ocrx_word' id='word_1_26' title='bbox 383 650 775 690; x_wconf 86' lang='lat' dir='ltr'><em>THEODORVS</em></span> <span class='ocrx_word' id='word_1_27' title='bbox 813 649 950 690; x_wconf 88' lang='lat' dir='ltr'><strong>VAN</strong></span> <span class='ocrx_word' id='word_1_28' title='bbox 978 649 1249 691; x_wconf 86' lang='lat' dir='ltr'><em>KOOTEN.</em></span> 
     </span>
    </p>
   </div>
   <div class='ocr_carea' id='block_1_5' title="bbox 256 771 1380 919">
    <p class='ocr_par' dir='ltr' id='par_1_5' title="bbox 256 771 1380 919">
     <span class='ocr_line' id='line_1_7' title="bbox 256 771 1380 823; baseline -0.009 -9"><span class='ocrx_word' id='word_1_29' title='bbox 256 776 300 814; x_wconf 85' lang='lat' dir='ltr'><strong>In</strong></span> <span class='ocrx_word' id='word_1_30' title='bbox 323 775 479 823; x_wconf 81' lang='lat' dir='ltr'>effigiem</span> <span class='ocrx_word' id='word_1_31' title='bbox 511 773 609 810; x_wconf 89' lang='lat' dir='ltr'>Petri</span> <span class='ocrx_word' id='word_1_32' title='bbox 630 782 699 809; x_wconf 83' lang='lat' dir='ltr'><strong>van</strong></span> <span class='ocrx_word' id='word_1_33' title='bbox 726 771 885 810; x_wconf 77' lang='lat' dir='ltr'><strong>Schelle.</strong></span> <span class='ocrx_word' id='word_1_34' title='bbox 1012 794 1029 803; x_wconf 92' lang='lat'>-</span> <span class='ocrx_word' id='word_1_35' title='bbox 1130 792 1146 801; x_wconf 86' lang='lat'>-</span> <span class='ocrx_word' id='word_1_36' title='bbox 1249 793 1265 803; x_wconf 82' lang='lat'><strong>.</strong></span> <span class='ocrx_word' id='word_1_37' title='bbox 1290 773 1380 821; x_wconf 78' lang='lat'><em>526,</em></span> 
     </span>
     <span class='ocr_line' id='line_1_8' title="bbox 278 875 1344 919; baseline -0.003 0"><span class='ocrx_word' id='word_1_38' title='bbox 278 879 456 919; x_wconf 85' lang='lat' dir='ltr'><em>IOAN.</em></span> <span class='ocrx_word' id='word_1_39' title='bbox 483 875 698 917; x_wconf 84' lang='lat' dir='ltr'><em>ALOYS.</em></span> <span class='ocrx_word' id='word_1_40' title='bbox 726 875 1344 917; x_wconf 82' lang='lat' dir='ltr'><em>MARTYNI-LAGVNA.</em></span> 
     </span>
    </p>
   </div>
   <div class='ocr_carea' id='block_1_6' title="bbox 252 980 1377 1030">
    <p class='ocr_par' dir='ltr' id='par_1_6' title="bbox 252 980 1377 1030">
     <span class='ocr_line' id='line_1_9' title="bbox 252 980 1377 1030; baseline -0.002 -7"><span class='ocrx_word' id='word_1_41' title='bbox 252 986 326 1024; x_wconf 90' lang='lat' dir='ltr'><strong>DIs</strong></span> <span class='ocrx_word' id='word_1_42' title='bbox 351 985 523 1021; x_wconf 79' lang='lat' dir='ltr'>Manibus</span> <span class='ocrx_word' id='word_1_43' title='bbox 554 982 649 1020; x_wconf 74' lang='lat' dir='ltr'>Iulio</span> <span class='ocrx_word' id='word_1_44' title='bbox 675 980 830 1021; x_wconf 74' lang='lat' dir='ltr'>Guelfo.</span> <span class='ocrx_word' id='word_1_45' title='bbox 957 1005 974 1015; x_wconf 90' lang='lat'>-</span> <span class='ocrx_word' id='word_1_46' title='bbox 1103 1004 1120 1012; x_wconf 98' lang='lat'><em>-</em></span> <span class='ocrx_word' id='word_1_47' title='bbox 1244 1003 1258 1012; x_wconf 91' lang='lat'>-</span> <span class='ocrx_word' id='word_1_48' title='bbox 1286 983 1377 1030; x_wconf 81' lang='lat'><strong>283.</strong></span> 
     </span>
    </p>
   </div>
   <div class='ocr_carea' id='block_1_7' title="bbox 251 1050 1380 1700">
    <p class='ocr_par' dir='ltr' id='par_1_7' title="bbox 251 1050 1380 1364">
     <span class='ocr_line' id='line_1_10' title="bbox 253 1050 1380 1098; baseline 0 -9"><span class='ocrx_word' id='word_1_49' title='bbox 253 1051 314 1089; x_wconf 82' lang='lat' dir='ltr'><strong>Ad</strong></span> <span class='ocrx_word' id='word_1_50' title='bbox 347 1052 540 1098; x_wconf 83' lang='lat' dir='ltr'>Valgium,</span> <span class='ocrx_word' id='word_1_51' title='bbox 569 1050 832 1089; x_wconf 81' lang='lat' dir='ltr'><strong>Berolinatem.</strong></span> <span class='ocrx_word' id='word_1_52' title='bbox 870 1059 887 1073; x_wconf 69' lang='lat'><strong>‘-</strong></span> <span class='ocrx_word' id='word_1_53' title='bbox 959 1070 975 1080; x_wconf 91' lang='lat'><em>-</em></span> <span class='ocrx_word' id='word_1_54' title='bbox 1103 1071 1119 1080; x_wconf 94' lang='lat'>-</span> <span class='ocrx_word' id='word_1_55' title='bbox 1246 1072 1263 1081; x_wconf 91' lang='lat'><strong>·</strong></span> <span class='ocrx_word' id='word_1_56' title='bbox 1289 1052 1380 1089; x_wconf 82' lang='lat'><strong>286.</strong></span> 
     </span>
     <span class='ocr_line' id='line_1_11' title="bbox 253 1118 1379 1156; baseline 0 0"><span class='ocrx_word' id='word_1_57' title='bbox 253 1118 314 1156; x_wconf 80' lang='lat' dir='ltr'><strong>Ad</strong></span> <span class='ocrx_word' id='word_1_58' title='bbox 346 1119 538 1156; x_wconf 83' lang='lat' dir='ltr'>Petreiam.</span> <span class='ocrx_word' id='word_1_59' title='bbox 677 1139 691 1144; x_wconf 96' lang='lat'><em>-</em></span> <span class='ocrx_word' id='word_1_60' title='bbox 818 1136 834 1148; x_wconf 89' lang='lat'>-</span> <span class='ocrx_word' id='word_1_61' title='bbox 959 1137 976 1147; x_wconf 91' lang='lat'>-</span> <span class='ocrx_word' id='word_1_62' title='bbox 1101 1136 1117 1149; x_wconf 70' lang='grc' dir='ltr'>υ</span> <span class='ocrx_word' id='word_1_63' title='bbox 1244 1137 1259 1147; x_wconf 84' lang='grc'><strong>-</strong></span> <span class='ocrx_word' id='word_1_64' title='bbox 1286 1118 1379 1156; x_wconf 84' lang='lat'><strong>288.</strong></span> 
     </span>
     <span class='ocr_line' id='line_1_12' title="bbox 251 1183 1379 1231; baseline -0.001 -8"><span class='ocrx_word' id='word_1_65' title='bbox 251 1186 389 1224; x_wconf 87' lang='lat' dir='ltr'>Votum</span> <span class='ocrx_word' id='word_1_66' title='bbox 415 1186 564 1222; x_wconf 71' lang='lat' dir='ltr'>amantis</span> <span class='ocrx_word' id='word_1_67' title='bbox 593 1183 637 1221; x_wconf 79' lang='lat' dir='ltr'><strong>ad</strong></span> <span class='ocrx_word' id='word_1_68' title='bbox 661 1183 807 1231; x_wconf 77' lang='lat' dir='ltr'><strong>Lyden.</strong></span> <span class='ocrx_word' id='word_1_69' title='bbox 963 1209 976 1222; x_wconf 89' lang='lat'><strong>.</strong></span> <span class='ocrx_word' id='word_1_70' title='bbox 1105 1210 1117 1222; x_wconf 88' lang='lat'>.</span> <span class='ocrx_word' id='word_1_71' title='bbox 1250 1211 1262 1223; x_wconf 93' lang='lat'><strong>.</strong></span> <span class='ocrx_word' id='word_1_72' title='bbox 1287 1194 1379 1230; x_wconf 83' lang='lat'>523.</span> 
     </span>
     <span class='ocr_line' id='line_1_13' title="bbox 253 1250 1376 1299; baseline -0.011 -9"><span class='ocrx_word' id='word_1_73' title='bbox 253 1253 295 1290; x_wconf 90' lang='lat' dir='ltr'><strong>In</strong></span> <span class='ocrx_word' id='word_1_74' title='bbox 327 1253 523 1299; x_wconf 86' lang='lat' dir='ltr'>Iosephum</span> <span class='ocrx_word' id='word_1_75' title='bbox 553 1250 763 1286; x_wconf 77' lang='lat' dir='ltr'>Farsettium</span> <span class='ocrx_word' id='word_1_76' title='bbox 786 1250 898 1287; x_wconf 83' lang='lat' dir='ltr'>dirae.</span> <span class='ocrx_word' id='word_1_77' title='bbox 1002 1275 1016 1288; x_wconf 88' lang='lat'><strong>.</strong></span> <span class='ocrx_word' id='word_1_78' title='bbox 1122 1277 1133 1288; x_wconf 89' lang='lat'><strong>.</strong></span> <span class='ocrx_word' id='word_1_79' title='bbox 1241 1276 1252 1289; x_wconf 88' lang='lat'><strong>.</strong></span> <span class='ocrx_word' id='word_1_80' title='bbox 1271 1269 1376 1278; x_wconf 85' lang='lat'>—-.-.</span> 
     </span>
     <span class='ocr_line' id='line_1_14' title="bbox 251 1317 1263 1364; baseline 0 -7"><span class='ocrx_word' id='word_1_81' title='bbox 251 1320 312 1358; x_wconf 85' lang='lat' dir='ltr'><strong>Ad</strong></span> <span class='ocrx_word' id='word_1_82' title='bbox 349 1318 543 1364; x_wconf 83' lang='lat' dir='ltr'>Iosephum</span> <span class='ocrx_word' id='word_1_83' title='bbox 576 1317 814 1363; x_wconf 76' lang='lat' dir='ltr'>Farsettium,</span> <span class='ocrx_word' id='word_1_84' title='bbox 858 1317 1054 1364; x_wconf 58' lang='lat' dir='ltr'>poe&#39;tarum</span> <span class='ocrx_word' id='word_1_85' title='bbox 1088 1317 1263 1356; x_wconf 82' lang='lat' dir='ltr'>Italorum</span> 
     </span>
    </p>

    <p class='ocr_par' dir='ltr' id='par_1_8' title="bbox 254 1387 1379 1498">
     <span class='ocr_line' id='line_1_15' title="bbox 303 1387 1379 1436; baseline 0.001 -13"><span class='ocrx_word' id='word_1_86' title='bbox 303 1387 478 1423; x_wconf 80' lang='lat' dir='ltr'>ocellum.</span> <span class='ocrx_word' id='word_1_87' title='bbox 608 1410 621 1424; x_wconf 88' lang='grc'><strong>.</strong></span> <span class='ocrx_word' id='word_1_88' title='bbox 754 1413 765 1425; x_wconf 93' lang='grc'><strong>.</strong></span> <span class='ocrx_word' id='word_1_89' title='bbox 897 1410 908 1421; x_wconf 88' lang='grc'><strong>.</strong></span> <span class='ocrx_word' id='word_1_90' title='bbox 1013 1410 1025 1422; x_wconf 85' lang='grc'><strong>.</strong></span> <span class='ocrx_word' id='word_1_91' title='bbox 1132 1412 1142 1423; x_wconf 93' lang='grc'><strong>.</strong></span> <span class='ocrx_word' id='word_1_92' title='bbox 1247 1411 1259 1424; x_wconf 89' lang='grc'><strong>.</strong></span> <span class='ocrx_word' id='word_1_93' title='bbox 1286 1395 1379 1436; x_wconf 82' lang='lat'>524.</span> 
     </span>
     <span class='ocr_line' id='line_1_16' title="bbox 254 1451 1263 1498; baseline 0 -8"><span class='ocrx_word' id='word_1_94' title='bbox 254 1452 314 1490; x_wconf 83' lang='lat' dir='ltr'><strong>Ad</strong></span> <span class='ocrx_word' id='word_1_95' title='bbox 338 1453 449 1490; x_wconf 81' lang='lat' dir='ltr'><strong>Laur.</strong></span> <span class='ocrx_word' id='word_1_96' title='bbox 471 1452 705 1498; x_wconf 68' lang='lat' dir='ltr'>Samonium,</span> <span class='ocrx_word' id='word_1_97' title='bbox 728 1452 798 1491; x_wconf 85' lang='lat' dir='ltr'><strong>Ios.</strong></span> <span class='ocrx_word' id='word_1_98' title='bbox 817 1451 978 1490; x_wconf 77' lang='lat' dir='ltr'>Farfettii</span> <span class='ocrx_word' id='word_1_99' title='bbox 993 1451 1149 1489; x_wconf 82' lang='lat' dir='ltr'>carmina</span> <span class='ocrx_word' id='word_1_100' title='bbox 1160 1452 1263 1490; x_wconf 88' lang='lat' dir='ltr'>dono</span> 
     </span>
    </p>

    <p class='ocr_par' dir='ltr' id='par_1_9' title="bbox 253 1518 1380 1700">
     <span class='ocr_line' id='line_1_17' title="bbox 305 1518 1378 1558; baseline 0.003 -3"><span class='ocrx_word' id='word_1_101' title='bbox 305 1518 369 1555; x_wconf 77' lang='lat' dir='ltr'><strong>fibi</strong></span> <span class='ocrx_word' id='word_1_102' title='bbox 393 1520 608 1555; x_wconf 83' lang='lat' dir='ltr'><strong>mittentem.</strong></span> <span class='ocrx_word' id='word_1_103' title='bbox 739 1540 750 1550; x_wconf 89' lang='lat'><strong>·</strong></span> <span class='ocrx_word' id='word_1_104' title='bbox 881 1543 892 1554; x_wconf 88' lang='lat'><em>.</em></span> <span class='ocrx_word' id='word_1_105' title='bbox 1010 1543 1021 1554; x_wconf 90' lang='lat'><em>.</em></span> <span class='ocrx_word' id='word_1_106' title='bbox 1127 1545 1138 1557; x_wconf 88' lang='lat'><strong>.</strong></span> <span class='ocrx_word' id='word_1_107' title='bbox 1243 1545 1255 1558; x_wconf 87' lang='lat'><strong>.</strong></span> <span class='ocrx_word' id='word_1_108' title='bbox 1274 1539 1378 1548; x_wconf 88' lang='grc'><strong>----</strong></span> 
     </span>
     <span class='ocr_line' id='line_1_18' title="bbox 253 1584 1380 1632; baseline -0.002 -7"><span class='ocrx_word' id='word_1_109' title='bbox 253 1587 314 1625; x_wconf 79' lang='lat' dir='ltr'><strong>Ad</strong></span> <span class='ocrx_word' id='word_1_110' title='bbox 339 1587 469 1622; x_wconf 80' lang='lat' dir='ltr'>Manes</span> <span class='ocrx_word' id='word_1_111' title='bbox 493 1587 529 1622; x_wconf 90' lang='lat' dir='ltr'><strong>S.</strong></span> <span class='ocrx_word' id='word_1_112' title='bbox 555 1584 597 1622; x_wconf 78' lang='lat' dir='ltr'><strong>F.</strong></span> <span class='ocrx_word' id='word_1_113' title='bbox 619 1585 671 1622; x_wconf 91' lang='lat' dir='ltr'><strong>N.</strong></span> <span class='ocrx_word' id='word_1_114' title='bbox 699 1585 815 1622; x_wconf 85' lang='lat' dir='ltr'><strong>Mori.</strong></span> <span class='ocrx_word' id='word_1_115' title='bbox 955 1609 967 1622; x_wconf 85' lang='lat'>.</span> <span class='ocrx_word' id='word_1_116' title='bbox 1107 1610 1121 1621; x_wconf 80' lang='grc'><strong>.</strong></span> <span class='ocrx_word' id='word_1_117' title='bbox 1249 1610 1262 1624; x_wconf 89' lang='grc'><strong>.</strong></span> <span class='ocrx_word' id='word_1_118' title='bbox 1287 1585 1380 1632; x_wconf 84' lang='grc'><strong>536.</strong></span> 
     </span>
     <span class='ocr_line' id='line_1_19' title="bbox 256 1652 1380 1700; baseline -0.003 -9"><span class='ocrx_word' id='word_1_119' title='bbox 256 1653 316 1691; x_wconf 82' lang='lat' dir='ltr'><strong>Ad</strong></span> <span class='ocrx_word' id='word_1_120' title='bbox 341 1653 450 1689; x_wconf 76' lang='lat' dir='ltr'>Laur.</span> <span class='ocrx_word' id='word_1_121' title='bbox 476 1652 698 1688; x_wconf 81' lang='lat' dir='ltr'>Santenium.</span> <span class='ocrx_word' id='word_1_122' title='bbox 823 1676 835 1688; x_wconf 87' lang='lat'>.</span> <span class='ocrx_word' id='word_1_123' title='bbox 964 1675 977 1689; x_wconf 85' lang='grc'><strong>.</strong></span> <span class='ocrx_word' id='word_1_124' title='bbox 1108 1676 1120 1690; x_wconf 81' lang='grc'><strong>.</strong></span> <span class='ocrx_word' id='word_1_125' title='bbox 1249 1678 1260 1690; x_wconf 88' lang='grc'><strong>.</strong></span> <span class='ocrx_word' id='word_1_126' title='bbox 1288 1661 1380 1700; x_wconf 85' lang='grc'><strong>540.</strong></span> 
     </span>
    </p>
   </div>
   <div class='ocr_carea' id='block_1_8' title="bbox 256 1718 1382 1877">
    <p class='ocr_par' dir='ltr' id='par_1_10' title="bbox 256 1718 1382 1877">
     <span class='ocr_line' id='line_1_20' title="bbox 256 1718 1382 1768; baseline 0.001 -13"><span class='ocrx_word' id='word_1_127' title='bbox 256 1718 316 1756; x_wconf 81' lang='lat' dir='ltr'><strong>Ad</strong></span> <span class='ocrx_word' id='word_1_128' title='bbox 339 1719 414 1756; x_wconf 83' lang='lat' dir='ltr'>Iac.</span> <span class='ocrx_word' id='word_1_129' title='bbox 438 1718 553 1756; x_wconf 89' lang='lat' dir='ltr'><strong>Henr.</strong></span> <span class='ocrx_word' id='word_1_130' title='bbox 576 1718 819 1756; x_wconf 80' lang='lat' dir='ltr'><strong>Hoeufftium.</strong></span> <span class='ocrx_word' id='word_1_131' title='bbox 958 1743 970 1755; x_wconf 92' lang='lat'><em>.</em></span> <span class='ocrx_word' id='word_1_132' title='bbox 1109 1744 1122 1757; x_wconf 85' lang='lat'><strong>.</strong></span> <span class='ocrx_word' id='word_1_133' title='bbox 1252 1746 1265 1758; x_wconf 89' lang='lat'><strong>.</strong></span> <span class='ocrx_word' id='word_1_134' title='bbox 1290 1729 1382 1768; x_wconf 77' lang='lat'>541.</span> 
     </span>
     <span class='ocr_line' id='line_1_21' title="bbox 374 1836 1251 1877; baseline 0 -1"><span class='ocrx_word' id='word_1_135' title='bbox 374 1839 602 1877; x_wconf 87' lang='lat' dir='ltr'><strong><em>GODFR.</em></strong></span> <span class='ocrx_word' id='word_1_136' title='bbox 639 1836 885 1875; x_wconf 89' lang='lat' dir='ltr'><em>GVLIEL.</em></span> <span class='ocrx_word' id='word_1_137' title='bbox 924 1836 1251 1876; x_wconf 88' lang='lat' dir='ltr'><em>LEIBNITZ.</em></span> 
     </span>
    </p>
   </div>
   <div class='ocr_carea' id='block_1_9' title="bbox 259 1955 1379 2072">
    <p class='ocr_par' dir='ltr' id='par_1_11' title="bbox 259 1955 1379 2072">
     <span class='ocr_line' id='line_1_22' title="bbox 259 1955 1266 2005; baseline 0.002 -11"><span class='ocrx_word' id='word_1_138' title='bbox 259 1957 318 1994; x_wconf 86' lang='lat' dir='ltr'><strong>De</strong></span> <span class='ocrx_word' id='word_1_139' title='bbox 350 1955 558 1994; x_wconf 78' lang='lat' dir='ltr'>neceffitate</span> <span class='ocrx_word' id='word_1_140' title='bbox 591 1955 878 2003; x_wconf 80' lang='lat' dir='ltr'>perseverantiae</span> <span class='ocrx_word' id='word_1_141' title='bbox 900 1956 936 1994; x_wconf 88' lang='lat' dir='ltr'><strong>in</strong></span> <span class='ocrx_word' id='word_1_142' title='bbox 960 1958 1066 1996; x_wconf 61' lang='lat' dir='ltr'>causa</span> <span class='ocrx_word' id='word_1_143' title='bbox 1092 1957 1266 2005; x_wconf 81' lang='lat' dir='ltr'>publicae</span> 
     </span>
     <span class='ocr_line' id='line_1_23' title="bbox 309 2021 1379 2072; baseline 0.007 -15"><span class='ocrx_word' id='word_1_144' title='bbox 309 2021 445 2059; x_wconf 79' lang='lat' dir='ltr'><strong>salutis.</strong></span> <span class='ocrx_word' id='word_1_145' title='bbox 580 2045 595 2061; x_wconf 83' lang='lat'><strong>.</strong></span> <span class='ocrx_word' id='word_1_146' title='bbox 719 2048 732 2060; x_wconf 87' lang='lat'><strong>.</strong></span> <span class='ocrx_word' id='word_1_147' title='bbox 863 2049 874 2061; x_wconf 88' lang='lat'><strong>.</strong></span> <span class='ocrx_word' id='word_1_148' title='bbox 1003 2050 1016 2063; x_wconf 80' lang='lat'><strong>..</strong></span> <span class='ocrx_word' id='word_1_149' title='bbox 1134 2050 1147 2063; x_wconf 87' lang='grc'><strong>.</strong></span> <span class='ocrx_word' id='word_1_150' title='bbox 1251 2052 1262 2064; x_wconf 91' lang='grc'><strong>.</strong></span> <span class='ocrx_word' id='word_1_151' title='bbox 1289 2026 1379 2072; x_wconf 84' lang='lat'><strong>289.</strong></span> 
     </span>
    </p>
   </div>
   <div class='ocr_carea' id='block_1_10' title="bbox 1230 2143 1377 2185">
    <p class='ocr_par' dir='ltr' id='par_1_12' title="bbox 1230 2143 1377 2185">
     <span class='ocr_line' id='line_1_24' title="bbox 1230 2143 1377 2185; baseline 0.02 -3"><span class='ocrx_word' id='word_1_152' title='bbox 1230 2143 1377 2185; x_wconf 79' lang='lat' dir='ltr'><em>DAV.</em></span> 
     </span>
    </p>
   </div>
  </div>
 </body>
</html>
