1527 2807
462 203 768 242 CARM1NA.
1099 203 1148 252 31

51 369 203 408 Peetora
218 362 364 402 fortuna
391 370 466 399 non
498 359 702 398 intumuisse
723 358 903 405 secunda,

153 442 278 481 Corda
306 451 447 488 neque,
476 440 622 477 adversa
648 441 740 475 sorte
770 439 930 482 minora,
957 437 1084 484 premi.

50 522 102 561 Et
132 521 228 559 vasta
255 519 445 564 historiae,
473 517 682 565 patriaeque
710 516 856 553 scientia
883 515 1017 562 Legis,

152 597 310 637 Defensa
338 607 374 635 et
401 596 508 634 doeta
537 595 655 632 civica
682 595 758 642 jura
787 605 906 630 mauu.

52 675 173 727 (Talis
198 686 272 714 erat
292 675 400 713 nostri
427 676 502 711 laus
522 672 842 721 Byukershoekius
863 674 957 712 aevi.

154 757 342 794 Gallorum
371 753 556 790 Hainaltus
585 751 698 798 gioria
727 750 807 787 talis
836 748 948 799 erat.)

50 832 141 871 Inde
168 833 348 871 videbaris
379 831 514 868 Divum
542 828 808 875 accipientibus
836 838 946 865 omen
987 875 994 882 ·

157 911 376 959 Exemplum
403 909 545 956 genitus
573 905 742 943 Consulis
771 904 840 942 esse
867 905 971 943 boni.

52 987 142 1026 Inde
170 987 232 1025 fibi
253 988 404 1036 quaevis
434 984 658 1033 spondebant
686 982 880 1020 commoda
912 984 1026 1020 cives.

152 1065 254 1103 Haec
268 1091 280 1110 ,
308 1065 373 1102 tibi
392 1075 457 1101 cut·
476 1058 809 1108 trabeamquisque
832 1071 1006 1106 voveret,
1025 1068 1134 1099 eraut.

49 1144 104 1181 Te
135 1143 263 1188 saneti,
292 1141 503 1194 Joachimc‚
531 1139 677 1184 Patres,
706 1149 741 1175 te
760 1149 847 1177 vota
870 1140 1042 1188 Senatus,

154 1220 306 1258 Publica
335 1229 370 1257 te
396 1219 526 1267 populi
554 1228 631 1254 vox
660 1217 808 1263 cupiere
838 1216 903 1253 tui.

46 1298 142 1337 Urbs
169 1307 206 1335 et
231 1298 427 1334 honoratas
456 1294 522 1331 tibi
548 1293 678 1330 detulit
703 1293 778 1340 ipsa
807 1293 976 1338 secures-3

148 1373 297 1412 Difficili
327 1373 399 1420 ipsa
424 1381 519 1408 tuam
549 1379 714 1416 tempore
742 1370 866 1416 poscit
896 1381 1018 1417 opem.

47 1453 105 1490 Tu
132 1451 246 1489 modo
274 1462 319 1488 ne
348 1450 445 1487 duris
472 1448 617 1486 dubites
645 1447 852 1486 succurrere
878 1448 1007 1493 rebus,

150 1529 249 1567 Utile
268 1539 337 1566 nec
358 1527 496 1565 Patriae
515 1525 606 1562 ferre
631 1526 787 1572 graveris
817 1536 923 1562 onus.

50 1607 210 1654 Tempus
229 1606 318 1651 erit,
345 1605 446 1652 nigra
473 1602 634 1650 disjiciet
659 1612 742 1639 cum
767 1603 888 1638 nubila
918 1601 1046 1646 Titan,

150 1683 300 1721 Laetior
327 1681 528 1720 Hollandos
548 1682 687 1728 luxque
711 1678 839 1717 reviset
867 1690 988 1726 agi-os.

47 1763 143 1800 Cum
167 1761 495 1809 septemgeminae,
524 1757 614 1795 felix
642 1755 863 1801 concordia,
893 1765 1005 1793 terrae

151 1838 325 1889 Jurabunt
354 1837 457 1875 socio
487 1836 610 1873 Marte
636 1834 783 1872 domare
812 1833 925 1871 nefas.

43 1916 164 1955 Hostis
189 1916 256 1953 erit
285 1915 382 1963 genti
416 1923 498 1950 cum
535 1923 644 1950 nemo
673 1911 819 1959 impune
847 1911 1017 1949 Batai-ae.

145 1993 352 2030 Praedatrix
378 1990 517 2028 nostras
547 1989 675 2027 sentiet
703 1999 765 2026 ora
792 1999 930 2026 manus.

40 2069 222 2117 Adspice,
250 2069 417 2107 desuetae
435 2067 505 2115 jam
538 2068 709 2111 vincere,
735 2067 869 2112 praelia
894 2076 1047 2113 prorae,

149 2147 199 2190 Et
222 2143 353 2184 refides
376 2144 534 2194 poscunt
562 2155 655 2183 arma
683 2154 833 2183 movere
861 2143 941 2184 viri.
