1527 2807
329 208 380 253 36
685 210 1116 245 nznxcxstz

326 307 460 347 Gloria
487 307 639 346 militiae
665 319 787 347 rerum
813 322 895 360 pars
915 308 1033 346 altera
1056 317 1229 355 vestrae,

379 377 533 415 Publica
553 377 788 427 jainpopulis
809 389 856 417 en
885 390 985 417 mare
1006 378 1117 416 strata
1139 381 1201 416 via
1222 385 1295 416 est.

1076 459 1175 485 Nic.
1217 443 1499 488 ιιεῐΝεῐνεᾶ

779 547 1033 597 Fragmentum

581 614 1240 660 DE'PACE.

327 674 494 772 Bella
506 738 678 779 premunt
688 743 756 770 nos
768 730 1072 780 cruda,premunt
1081 737 1150 764 nos
1158 725 1320 772 horrida,
1330 725 1480 775 Graevss

387 800 512 845 Bella,
534 811 604 837 nec
629 800 811 848 ingenuae
831 801 906 846 jam
936 797 1043 848 super
1063 795 1150 833 artis
1173 793 1310 838 honos.

334 868 533 918 Obstrepit
557 867 718 906 insanum
740 868 896 918 trepidis
920 868 1078 907 Bellona
1104 865 1306 916 Camenis,

382 939 434 976 Et
454 938 543 975 tuba
561 937 799 986 posthabitae
825 936 1103 986 sanguinolenta
1122 935 1241 985 lyrae.

329 1006 494 1045 Martius
515 1005 684 1055 agricolis
709 1005 919 1056 palantibus
943 1006 1064 1042 adsilit
1080 1014 1188 1042 atrox

383 1077 552 1126 Raptor,
582 1083 622 1112 et
643 1075 844 1111 immeritas
866 1073 940 1113 fert
961 1075 1028 1113 fibi
1061 1073 1155 1110 ruris
1181 1072 1311 1122 opes.'

327 1144 491 1182 Flamma
511 1142 613 1193 quod
634 1141 812 1181 intactum
838 1141 978 1181 miseris
1005 1140 1224 1190 gladiusque
1248 1140 1429 1191 requuit,

382 1214 549 1262 Impetus
584 1221 795 1260 aequoreae
823 1209 968 1249 saevior
989 1210 1112 1248 haurit
1135 1220 1269 1257 aquae.

327 1282 433 1321 Arva
451 1280 553 1329 prius
577 1278 700 1316 flavae
723 1280 854 1317 Cereri
878 1287 1029 1325 regnata
1061 1285 1263 1325 natantur,

381 1348 566 1386 Altricem
587 1349 735 1395 pecoris
757 1350 882 1386 navita
908 1345 1020 1384 sulcat
1042 1345 1208 1387 humum.

326 1418 612 1458 Deucalioneae
635 1425 816 1454 terremur
836 1416 994 1462 imagine
1015 1414 1144 1460 sortis,

388 1488 439 1526 Et
459 1486 572 1524 nostri
593 1484 781 1523 minimum
812 1483 894 1522 sunt
913 1481 991 1521 fer'a
1011 1482 1111 1520 bella
1128 1482 1236 1521 mali-v

331 1557 434 1610 Quin
461 1556 539 1592 coit
562 1555 598 1591 in
619 1553 766 1590 nimbos
787 1553 1034 1590 truculentior
1057 1550 1223 1590 hostibus
1252 1552 1407 1600 aether,

387 1626 548 1671 Ejurant
572 1621 715 1659 folitam
734 1624 824 1670 quin
843 1621 1030 1659 elementa
1051 1618 1177 1660 fidem,

329 1691 475 1734 Praeda
493 1693 619 1738 jacent
639 1688 765 1739 sparsis
784 1690 960 1729 viduatae
981 1690 1127 1726 civibus
1148 1688 1274 1726 nrbes.

389 1762 500 1800 Heu!
533 1760 598 1798 ubi
618 1758 694 1796 laus
715 1759 851 1798 Martis
877 1759 1014 1809 prisca,
1042 1760 1207 1801 Batave,
1239 1759 1325 1796 tui?

328 1830 445 1870 Anna
462 1829 525 1866 ubi
542 1837 662 1871 nune,
694 1828 844 1876 Vesper
866 1839 962 1877 quae
985 1828 1209 1866 formidabat
1234 1836 1274 1864 et
1298 1828 1400 1876 Eos,

389 1896 590 1945 Palmaque
615 1899 661 1935 ab
683 1896 829 1936 adserto
853 1899 986 1935 crebra
1011 1896 1128 1941 relata
1147 1896 1268 1934 mari?
1466 1940 1468 1942 v

431 1969 535 2011 1678
1093 1976 1194 2004 Nlc.
1226 1959 1499 2012 nemsxvss'

330 2043 981 2089 Exepssolisst1.5S.vide-§ytlogenfpiffi
1002 2043 1031 2076 T
1029 2051 1087 2075 om·
1105 2042 1160 2075 lv.
1166 2048 1204 2084 p.
1223 2049 1283 2084 554
