1527 2807
393 326 854 369 »taxeas
1103 336 1186 376 ²992

395 568 473 601 IN
530 567 844 600 OBITVM

102 674 564 722 DANIELIS
621 671 1117 719 FARSETTI.

61 788 264 878 Scriptor
293 825 461 864 carminis
493 823 642 874 elegans
670 821 840 868 Etrusci,

58 897 229 943 Phoebi,
259 903 296 934 et
323 893 509 933 Pieridum
536 896 678 944 integer
705 889 895 936 sacerdos,

58 967 205 1016 Frater,
233 964 406 1004 delicium
435 975 580 1014 meum,
610 971 802 1010 meumque

55 1029 159 1081 Cor,
189 1041 226 1072 te
254 1031 307 1070 mi
335 1031 432 1080 rapit
460 1033 697 1081 Atroposque
723 1027 858 1067 acerbo

55 1102 223 1148 Funere,
254 1100 389 1151 Elyfias
418 1102 562 1149 agitque
590 1100 633 1138 ad
662 1101 821 1138 umbras.

54 1170 162 1209 Heu!
192 1169 315 1208 fratris
343 1169 466 1208 miseri
495 1169 640 1209 miselle
668 1169 795 1210 frater.

54 1238 111 1278 En
142 1239 260 1278 iacent
287 1238 450 1284 tabulae,
481 1245 586 1286 atque
614 1238 811 1288 penicilli,

55 1306 104 1346 Bt
133 1306 243 1345 laetus
271 1307 401 1354 color,
432 1312 470 1343 et
497 1305 599 1344 leves
628 1306 785 1354 figurae3

55 1374 150 1428 Quis
177 1376 314 1426 tibique
340 1377 482 1424 tuisque
511 1377 742 1425 comparabas

55 1442 207 1481 Nomen
235 1444 424 1493 perpetuis
453 1451 622 1490 perenne
650 1441 801 1493 saeclis3

57 1510 228 1550 Eburnae
257 1518 294 1550 et
321 1508 459 1549 sonitus
491 1511 591 1561 lyrae
618 1510 791 1560 loquaces

57 1578 206 1628 Silent,
238 1589 277 1618 et
304 1578 411 1627 digiti
441 1579 564 1629 rigent
592 1579 743 1627 diserti,

52 1645 163 1684 Vnde
190 1645 233 1684 ad
261 1654 297 1685 te
325 1649 448 1685 omnia
478 1647 635 1687 vocibus
666 1650 854 1697 trahebas,

53 1711 129 1753 Etli
158 1713 314 1754 sentibus
343 1713 474 1756 intime
505 1726 686 1764 carerent;

54 1783 160 1823 sicut
187 1786 384 1826 Threicius
413 1789 525 1837 poeta
553 1787 736 1836 quondam

55 1853 172 1891 cantu
198 1861 236 1891 et
262 1855 422 1893 carmine
451 1854 529 1891 saxa
558 1857 802 1904 convocavit,

55 1921 105 1959 Et
132 1920 236 1960 sslvas
263 1934 382 1972 prope
409 1923 446 1961 se
474 1925 647 1963 arborum
675 1933 886 1967 comantes:

55 1987 131 2028 Sed
157 1998 195 2028 tu
225 1993 295 2029 iam
321 1992 486 2040 occidis,
516 2005 536 2030 a
562 1995 631 2033 tuis
657 1996 834 2045 ahisque,

56 2055 164 2094 Heu!
192 2054 313 2098 fratris
339 2058 464 2102 miseri
492 2061 633 2103 miselle
661 2061 789 2104 frater.

60 2170 174 2215 1781.
706 2183 894 2215 locumve
927 2188 1159 2221 unsrun.
