1527 2807
0 191 598 294 ψ’,οῡεςᾋῐεαἋς
643 217 1003 291 §mem
1015 218 1188 292 etse.

129 379 452 450 M1C1—1J
556 393 1067 447 RVTER'O

328 488 462 527 Viam-i
483 485 603 536 classis
629 486 872 525 Britannicae.

27 541 118 640 O
133 607 248 635 ceano
269 597 402 636 servile
422 600 548 647 jugum
580 595 827 646 dominosque
850 597 1030 643 minatus,

80 667 128 706 Et
148 666 366 706 conculcato
388 667 510 704 vincla
528 666 701 716 pudenda
730 667 844 710 mari,

0 757 2 762 ·
22 734 153 779 ,Altum
174 735 302 773 animis
319 735 397 774 ibat
420 735 558 784 spirans
581 737 700 785 pirata
725 736 922 773 Britannus
936 759 952 780 ‚

78 803 136 842 Ac
159 804 232 844 late
247 815 451 854 aequoreas
471 812 596 853 raptor
615 803 747 852 agebat
769 813 880 852 opes.

0 902 1 907 ,
21 871 113 910 Non
135 872 202 911 illo
225 873 432 924 Autolycus
462 871 637 912 furacior.
667 873 743 923 ipsa
765 872 935 911 Celaeno

73 942 251 980 Phineam
278 942 401 991 tetigit
422 942 566 991 parcius
595 954 717 991 ungue
744 941 896 991 dapem.

22 1007 132 1049 Haud
157 1011 268 1056 tulit,
296 1019 334 1048 et
347 1010 524 1051 frendens
548 1014 671 1052 animo
688 1011 834 1050 subrisit
859 1020 1041 1055 amarum,

77 1079 283 1118 Caeruleae
307 1082 458 1122 Nereus
481 1081 556 1121 fata
575 1090 747 1131 gravatus
778 1089 908 1129 aquae.

17 1147 141 1190 Hic-ne
164 1150 252 1189 mihi
273 1149 458 1189 subsessor
486 1152 559 1196 ait,
591 1149 728 1198 regalia
751 1147 907 1187 multum

73 1217 249 1257 Carnifici
274 1219 404 1258 doftus
425 1220 521 1258 colla
543 1225 668 1258 rotare
693 1218 831 1258 manu?

17 1284 183 1327 Aemule
209 1287 393 1336 PompeJo
419 1288 558 1326 Cilices
590 1286 750 1331 invade,
777 1297 941 1335 meoque

73 1356 157 1408 Qu'a
182 1365 291 1404 potes
315 1354 407 1392 hauc
431 1367 575 1404 pestem
604 1358 728 1407 pelle,
760 1356 935 1403 Rutere,
965 1348 1070 1396 mari.

13 1423 71 1462 Sit
92 1423 274 1462 libertatis
307 1433 376 1460 nos
400 1423 600 1462 asseruisse
624 1427 803 1466 natavae.

67 1492 173 1529 Hanc
194 1491 261 1530 fibi
281 1503 364 1530 nam
386 1493 433 1531 de
456 1502 495 1530 te
516 1495 634 1542 patria
652 1493 810 1544 spondet
843 1505 967 1544 opem.

16 1556 158 1611 Claqde
179 1559 243 1598 suo
268 1561 441 1607 Tamefi,
469 1563 602 1610 quibus
623 1573 788 1611 aequora
805 1562 979 1601 claudere
1002 1562 1065 1600 lex
1088 1570 1171 1607 est.

68 1627 273 1676 sacrilegas
291 1641 396 1674 arce,
428 1633 500 1679 qua
525 1639 629 1679 patet
650 1630 769 1676 unda,
801 1642 943 1670 manus.

12 1692 162 1744 Paruit,
196 1706 310 1748 atque
333 1699 478 1737 obicem
510 1698 774 1749 scopulurnque
803 1699 1015 1739 furentibus
1040 1700 1170 1746 Herus

66 1767 117 1806 Se
141 1765 270 1810 dedit.
305 1778 343 1807 et
366 1778 449 1809 tuto
469 1770 606 1818 jusque
631 1767 821 1818 fidemque
839 1770 945 1808 mari.

15 1828 144 1881 Civica
164 1847 234 1885 pro
267 1838 411 1876 meritis
440 1839 629 1879 minimum
653 1847 738 1889 est,
767 1850 875 1888 quam
899 1838 1019 1888 patria
1039 1837 1170 1889 sospes

66 1902 184 1954 Aptat
205 1905 418 1954 honoratis,
445 1906 528 1958 *dux
550 1905 814 1951 memorande.
843 1908 977 1947 comis.

10 1964 97 2023 Hoc
122 1971 219 2010 salva
246 1973 299 2011 est
322 1984 452 2014 natura
478 1988 610 2016 manu:
639 1977 864 2015 commercia
882 1974 1022 2015 mundo

67 2038 254 2090 Reddita,
281 2042 363 2084 sunt
382 2046 520 2088 Martis
540 2045 651 2086 sudor
676 2057 849 2098 opusque
875 2045 944 2089 tui.

625 2115 656 2153 C
686 2127 709 2155 2
