1527 2807
430 297 933 330 HEROIC'I.
1153 298 1229 339 171'

127 383 258 452 incipe
288 400 466 451 (namque
486 397 620 448 potes)
651 400 830 448 tantisque
848 401 1040 449 accingere
1061 399 1166 439 rebus

127 471 296 523 (Ingenti
316 470 477 509 clamore
499 477 631 506 vocant
657 477 692 504 te
718 468 915 507 Heliconia
934 468 1108 520 Tempe)

125 541 344 591 Auspicibus
363 537 476 576 Mufis
500 545 536 576 et
555 549 631 575 non
656 537 728 576 fine
750 540 901 577 numine
925 539 1082 577 Phoebi.

122 613 287 652 Interea.
311 608 392 646 dum
413 616 472 651 tu,
501 614 634 655 quanto
653 606 757 644 decet
785 618 874 653 ore,
904 607 1046 646 sonabis

121 679 225 716 Facta
248 678 388 723 Ducis,
417 676 550 713 humili
573 687 649 714 non
671 677 923 714 committenda
948 679 1108 729 Poetae,

125 748 248 786 Omne
269 749 360 795 tibi,
395 747 541 785 nostrae
562 753 736 794 poterunt
753 746 996 795 quodcunque
1021 751 1223 802 Camenae,

123 816 327 864 Servierit,
350 823 596 867 peragentque
616 825 695 854 tuae
720 816 913 865 praeconia
935 816 1062 856 laudis.

121 886 172 931 Si,
187 896 356 935 quantum
368 895 540 935 cuperem
557 914 568 931 .,
582 885 671 922 mihi
684 885 736 923 Di
754 895 901 936 quoque
910 885 1012 935 posse
1025 887 1218 940 dedissent,

119 956 158 994 Si
184 956 340 995 fluerent
361 956 495 999 Pallas,
527 955 696 1002 votisque
719 962 867 993 vocatus
894 957 1060 1008 Apono,

118 1030 268 1067 Nomen
287 1023 332 1063 ad
352 1025 440 1062 astra
464 1031 563 1060 tuum
587 1023 720 1062 ferrem
741 1025 916 1076 sublime,
946 1020 1017 1068 nec
1042 1030 1114 1068 ulia

117 1098 247 1136 Terris
269 1103 305 1133 te
326 1095 526 1138 eximeret,
545 1096 724 1143 'quamvis
745 1095 921 1144 longaeva
936 1127 946 1143 ‚
970 1101 1140 1139 vetustas.

116 1165 189 1206 Sed
211 1172 269 1202 tua
291 1162 381 1201 fama
401 1162 526 1210 nequit
544 1163 669 1200 alieno
689 1165 853 1205 crescere
873 1167 1000 1219 versu,

115 1235 185 1273 Per
205 1242 240 1272 te
260 1244 350 1282 quae
371 1231 517 1281 populis
538 1235 582 1271 ab
604 1235 687 1271 Eoo
706 1235 758 1272 est
779 1244 863 1274 nota
883 1239 1000 1276 cubili

118 1303 217 1344 Solis
238 1302 279 1340 ad
301 1302 545 1351 Hesperium,
575 1312 644 1338 nec
663 1311 699 1340 te
718 1313 795 1341 mea
816 1308 945 1355 pagina
963 1307 1113 1358 dignum

112 1371 275 1412 Deducit
293 1380 460 1414 carmem
491 1369 576 1418 quid
596 1371 723 1410 enim?
751 1372 851 1410 dedit
871 1374 992 1413 invida
1013 1381 1109 1446 vires

115 1444 270 1491 Exiguus
298 1449 421 1478 natura
440 1440 554 1487 mihi,
586 1450 654 1478 nec
675 1440 813 1480 lumine
840 1443 938 1482 laeto

117 1512 285 1559 Calliope
304 1508 457 1547 effusum
479 1521 536 1547 me
560 1510 650 1548 vidit
673 1512 710 1548 in
730 1512 885 1551 aetheris
908 1525 1009 1563 oras,

112 1585 197 1623 Nec
217 1581 354 1619 laurum
373 1578 541 1616 mordere
567 1579 688 1626 dedit,
718 1593 787 1619 nec
813 1581 920 1621 fonte
943 1587 1077 1634 rigavit

115 1654 190 1692 Ora
209 1648 436 1694 Medusaeo,
466 1659 540 1696 quo
560 1649 690 1686 Vatum
713 1660 866 1698 pectora
886 1657 1011 1694 nutrit.

114 1720 186 1761 Sed
205 1727 323 1758 tamen
346 1719 383 1755 in
404 1719 524 1768 primo
546 1716 664 1756 forsan
687 1731 762 1758 non
784 1733 896 1772 usque
915 1723 1088 1763 morabor

110 1791 258 1830 Limine
273 1818 285 1835 ‚
314 1796 441 1832 meque
462 1789 568 1825 etiam
588 1789 732 1838 placido
756 1793 815 1839 pia
835 1794 983 1830 numina
1005 1795 1107 1834 vultu

110 1860 327 1909 Respicient
345 1856 434 1894 olim
451 1884 464 1903 ,
492 1857 698 1909 ducemque
720 1871 784 1908 per
804 1872 866 1899 ora
888 1863 1064 1902 virorum.

108 1931 199 1968 Non
223 1936 348 1965 tamen·
366 1926 433 1964 alta
455 1929 588 1972 nimis,
617 1929 765 1978 (metuo
788 1931 1041 1971 Rhamnusidis
1061 1935 1173 1985 iram)

111 1999 195 2037 Nec
214 1997 303 2034 mihi
326 1998 438 2045 prima
457 2007 575 2047 petam
597 1999 756 2038 victricis
784 2005 941 2051 praemia
968 2003 1104 2043 laursss.

114 2069 326 2119 Quanquam
341 2064 377 2103 6!
389 2066 447 2104 sed
459 2068 712 2118 vincant,quos
725 2072 858 2110 mavult
872 2074 1212 2119 vincerePhocbus.

113 2137 163 2178 At
190 2144 226 2175 te
242 2165 253 2183 ,
284 2145 365 2175 nam
390 2136 543 2176 voluiss'e
563 2138 612 2176 sat
637 2137 709 2186 est,
741 2139 821 2180 dum
840 2140 942 2191 posse
962 2151 1132 2191 negatur,
