1527 2807
362 244 437 277 100
717 244 1099 283 DELICIAE

356 346 408 385 At
431 348 520 386 mihi
542 349 720 399 fingebam
736 380 746 396 ,
778 351 919 399 ignarus
944 352 1029 403 quid
1052 351 1122 390 fata
1143 364 1341 403 pararent:

409 417 491 466 Ipse
511 419 601 457 meis
623 419 746 458 studiis
770 419 843 458 dux
861 422 953 467 erit,
985 422 1060 470 ipse
1080 432 1218 461 comes.

354 485 438 535 Ipse
459 486 567 523 etiam
588 487 734 526 nostrae
755 488 912 527 solamen
937 489 1044 527 dulce
1062 490 1260 536 juventae,

410 555 494 605 Ipse
515 554 703 594 senetmtis
720 556 824 594 dulce
848 556 1015 595 levamen
1035 558 1119 595 erit.

354 623 515 676 Quicum
537 624 711 663 versabor
730 624 871 674 semper
887 652 896 669 ,
926 626 1073 673 quicum
1095 626 1169 663 otia
1192 625 1292 664 vitae

410 691 556 730 Ducam
576 692 673 730 areo
692 693 833 731 vinetus
855 691 1012 730 foedere
1038 695 1246 740 amicitiae3

353 759 536 812 Quantum
557 771 627 798 nec
652 761 764 799 charo
787 760 946 810 Pyladen
968 762 1164 808 conjunxit
1186 761 1312 801 Oresti
1325 790 1340 809 ,

408 830 592 882 Quantum
614 843 684 870 nec
705 841 838 878 magno
859 830 1001 867 Thesea
1025 830 1216 869 Plrithoo.

353 896 425 936 Sed
446 908 525 935 mea
542 906 626 936 vota
648 899 749 936 leves
771 899 890 936 Eurus
913 899 1058 945 Jaeravit
1082 899 1120 937 in
1141 910 1264 946 auras,

407 967 453 1005 Et
475 965 567 1005 deus
589 967 711 1006 averse
735 966 873 1015 respuit
897 979 983 1006 aure
1003 979 1146 1017 preces.

352 1037 370 1073 1
393 1046 513 1080 nune,
544 1035 635 1073 tolle
661 1035 799 1073 animos
823 1036 989 1075 dofirIna
1010 1036 1146 1086 fretus,
1178 1042 1215 1074 et
1234 1035 1311 1074 acri

404 1105 564 1153 Ingenio
587 1112 740 1142 mortem
767 1104 914 1154 lonqus
936 1106 1008 1144 effe
1030 1113 1133 1155 puta;

350 1173 488 1211 Riiiius
511 1183 599 1211 ecce
618 1175 714 1220 Jacet
733 1171 813 1211 fato
835 1175 1067 1224 consumptus
1092 1172 1254 1219 acerbo,

408 1241 564 1280 Passadis
588 1243 726 1280 inviFto
747 1251 869 1291 raptus
892 1244 935 1280 ab
959 1253 1073 1291 usque
1097 1242 1188 1279 finu.

347 1311 417 1349 Ille
439 1312 567 1359 ingens
592 1310 712 1359 legum
737 1312 918 1360 interpres
933 1340 943 1357 ,
972 1308 1240 1356 Themidisque
1263 1306 1430 1346 sacerd0⁵
1446 1337 1460 1355 .,

404 1379 474 1418 lile
499 1379 571 1416 sori
593 1379 764 1417 columen
785 1380 944 1425 occidit,
976 1379 1042 1418 ille
1062 1378 1185 1417 decus.

352 1448 453 1500 Quid
474 1459 573 1485 nunc
595 1448 758 1496 egregias
783 1447 918 1486 misero
943 1447 1099 1495 tenuisse
1121 1453 1177 1484 tot
1199 1452 1293 1484 artes

406 1514 574 1562 Profuit,
607 1518 748 1554 Aonias
770 1525 832 1555 aut
849 1516 1004 1555 coluisse
1027 1514 1139 1554 deas?

348 1584 569 1623 Sermonem
591 1585 742 1630 Grajum
757 1614 766 1630 ‚
799 1585 1003 1622 sermonem
1025 1583 1152 1621 doetus
1171 1583 1382 1628 Etruscum,

400 1653 500 1690 Peue
522 1663 613 1700 puer
634 1652 745 1689 Latio
765 1651 890 1689 doctus
911 1659 950 1690 et
971 1662 1038 1689 ore
1063 1651 1181 1701 loqui.

347 1719 449 1773 Quid
469 1720 608 1769 gestum
631 1720 755 1769 primo
779 1719 903 1757 mundi
926 1718 1101 1756 nascentis
1129 1721 1172 1757 ab
1191 1731 1311 1765 aevo,

404 1790 534 1837 Legit,
564 1789 699 1838 quidve
719 1797 810 1827 aetas
831 1787 945 1837 prisca
966 1797 1167 1835 recensque
1190 1787 1288 1826 tuiit.

346 1857 558 1907 Divinique
583 1857 697 1895 haufit
718 1867 860 1894 morum
881 1863 1078 1906 praecepta
1094 1854 1286 1900 Platonis,

403 1926 536 1963 Purum
557 1933 593 1963 et
614 1925 804 1964 Socratico
827 1924 945 1962 nefiar
971 1925 1014 1960 ab
1035 1933 1138 1960 amne
1159 1923 1267 1963 bibit.

349 1994 453 2047 Qiiin
476 2001 514 2031 et
532 1994 692 2031 Naturae
714 1993 813 2042 leges
834 2003 1033 2042 arcanaque
1055 1990 1187 2036 norat,

403 2061 452 2100 Et
471 2072 546 2111 quo
567 2060 750 2099 nascantur
775 2072 963 2112 quaeque,
993 2061 1204 2112 obeantque
1223 2058 1349 2098 modo.
