1527 2807
333 333 596 372 hemonia
635 341 918 376 Ροετῖοᾼε.
1113 342 1182 384 ³23

349 583 881 627 PHYLLIS.

50 812 295 902 Hactenus
323 863 360 900 in
387 874 519 901 vanum
547 865 657 903 tacito
685 866 945 913 languescimus
972 868 1092 913 aestu,

0 914 1 918 Ἰ
103 933 370 980 Supplicioque
401 946 484 973 meo
512 936 690 973 clauditur
716 936 807 983 ignis
835 937 942 974 edax.

51 1001 212 1052 Qualiter
240 1003 421 1042 Aetnaeae
450 1005 636 1042 labefacstat
665 1005 796 1043 viscera
825 1008 949 1054 rupis,

98 1072 244 1110 Emicet
267 1074 403 1110 aerium
429 1073 550 1112 donec
577 1075 730 1123 adeptus
759 1077 838 1114 iter.

49 1142 174 1193 Qualis
201 1144 236 1180 in
263 1144 410 1181 Oetaeis
440 1154 573 1191 nuptae
600 1145 852 1193 Calydonidos
881 1148 931 1184 ira

96 1213 273 1251 Invictum
300 1214 455 1251 Alciden
485 1215 630 1252 torserat
655 1225 737 1253 aute
763 1216 883 1264 jugis,

44 1283 165 1328 Cum,
191 1285 327 1331 gemitu
355 1295 520 1332 magnum
548 1285 729 1333 faffusque
755 1288 953 1334 levansque
979 1288 1167 1336 dolorem,

94 1353 227 1390 Virtuti
257 1353 384 1391 didicit
411 1355 541 1392 cedere
567 1358 666 1393 nolle
696 1358 840 1394 malum.

39 1423 193 1461 Auxilio
225 1425 325 1462 tabes
353 1435 449 1462 caret
472 1425 717 1472 impercepta‚
746 1427 897 1475 fereque

89 1494 210 1530 Altius
235 1494 280 1531 ad
306 1495 430 1531 vivum
465 1506 538 1532 non
564 1506 732 1533 revocata
764 1509 871 1536 meat.

25 1560 176 1602 'Pastori
207 1564 341 1610 Idaeo,
370 1564 394 1602 s1
423 1566 569 1612 Sparten
599 1577 718 1604 mutus
746 1567 899 1615 adisset,

89 1633 224 1686 Judicii
249 1635 404 1682 pretium
431 1647 505 1674 non
535 1636 708 1674 tribuisset
734 1638 862 1676 Amor.

37 1705 89 1743 Et
114 1706 176 1743 tibi
202 1707 285 1753 plus
312 1705 428 1742 forma
456 1708 584 1745 nocuit
611 1708 806 1753 facundia,
834 1709 970 1754 Circe,

88 1776 130 1813 In
156 1775 346 1813 La'e'rtiade
374 1787 457 1814 cum
488 1788 656 1824 caperere
683 1777 791 1814 duce.

38 1845 160 1894 Atque
190 1847 324 1884 utinam
351 1848 494 1893 linguae
519 1858 592 1884 non
623 1848 852 1896 'mterceperit
883 1850 1006 1896 usum,

89 1915 211 1953 Ardua
242 1917 305 1963 qui
338 1917 461 1954 solitus
490 1917 652 1965 frangere
677 1929 832 1966 coepta,
867 1922 992 1959 timor!

37 1977 198 2023 Turbine
222 1987 280 2022 vel
306 1997 443 2032 rerum,
477 1988 562 2025 tanti
587 1998 687 2025 mens
714 1990 818 2026 anxia
849 1992 927 2027 voti

87 2053 187 2103 Quas
212 2055 344 2101 agitat,
370 2058 475 2095 vocis
504 2058 755 2106 praepediatur
781 2061 860 2097 iter.

39 2123 109 2163 Sed
136 2124 246 2171 sapis,
275 2136 299 2162 ο
325 2128 486 2173 pulcram
514 2132 735 2175 praecellens
763 2129 835 2167 filia
863 2142 1033 2171 matrem:

87 2193 276 2243 Ingenium
302 2197 444 2236 alterius
470 2200 579 2238 muita
608 2200 764 2247 parentis
790 2201 910 2245 habet.

587 2280 602 2303 Ζ
