1527 2807
405 322 834 355 ιτιιει.
1102 311 1172 351 261

38 477 43 482 ·
74 464 265 504 Mortuum
285 462 463 511 gemimus
477 460 644 503 Adonim
664 465 855 507 aggemunt
876 455 1098 506 Cupidines.

76 530 197 570 Triste
217 529 346 567 vulnus
360 558 372 574 ‚
399 530 531 566 vulnus
551 536 656 566 atrox
681 525 755 564 fert
777 525 959 566 Adonidis
980 525 1122 564 femur:

73 601 199 640 Maius
222 601 302 638 imis
324 596 397 636 fert
417 597 545 635 Dione
564 596 696 634 vulnus
716 596 753 634 in
779 595 1024 644 praecordiis.

76 671 170 709 Cura
191 671 370 719 quondam
395 663 510 702 dulcis
524 662 656 700 adstant
667 672 703 702 et
713 661 1046 702 ululantdominum
1058 674 1179 704 canes·

75 741 265 779 Montium
288 738 435 787 plorant
455 732 604 771 Puellae
621 743 704 771 cum
722 731 860 770 Puellis
886 732 1072 772 fontium:
1244 717 1248 721 ⁴

78 811 246 848 Attamen
265 808 405 844 maiore
428 803 547 852 plorat
566 802 668 848 iure,
688 811 755 851 per
777 801 883 839 saltus
907 808 1067 848 vagans,

80 877 176 916 Passa
195 877 339 920 crines,
372 873 468 911 sciffa
487 870 641 921 pallam,
669 869 761 908 nuda
786 868 923 919 plantas
944 870 1105 919 Cypria,

76 944 178 982 Dum
190 942 268 980 rubi
279 950 446 991 pungunt
458 948 697 989 vagantc1n,et
707 937 916 986 sanguinem
929 937 1041 976 libant
1051 939 1201 978 factumi

81 1013 259 1065 Quique,
273 1011 387 1050 surdas
399 1023 492 1048 voce
507 1010 620 1048 valles
642 1019 682 1044 ac
703 1017 830 1045 nemus
853 1008 999 1045 tacitum
1018 1006 1185 1056 replens,

83 1083 207 1120 currit
221 1110 230 1126 ,
250 1076 430 1129 Assyrium
453 1079 617 1117 maritum
636 1077 784 1123 clamat,
808 1083 845 1113 et
870 1087 1025 1124 puerum
1039 1083 1157 1115 vocat.

79 1152 197 1190 Huius
219 1151 291 1188 alte
305 1149 351 1186 de
373 1149 523 1186 iacentis
544 1146 703 1184 emIcans
727 1144 855 1194 plaga,
880 1154 992 1182 cruor

81 1222 222 1269 Inguen
239 1228 275 1258 et
295 1224 462 1257 ventrem
487 1214 655 1263 supinum
677 1213 802 1253 foedat
827 1225 865 1252 ac
895 1213 1047 1253 niveum
1072 1214 1162 1255 latus
1180 1243 1190 1262 ‚

82 1290 226 1336 Perque
254 1285 389 1324 leniter
413 1285 582 1322 tumentis
611 1285 638 1324 it
662 1281 833 1322 mamillas
856 1283 1029 1330 pectoris.

86 1414 165 1450 Vae
185 1409 354 1448 Dionae!
376 1417 442 1444 vae
464 1405 631 1443 Dionae!
657 1414 876 1454 congemunt
892 1407 1110 1456 Cupidines.

89 1476 256 1520 Perdidit
274 1477 391 1514 virum
412 1475 559 1520 Dione,
590 1472 751 1522 perdidit
772 1472 926 1514 formam
952 1476 1069 1515 fimul.
1142 1460 1147 1461 ⁷

91 1549 177 1587 Hoc
199 1555 273 1586 erat
292 1548 443 1586 vivente
466 1542 604 1583 formae
623 1542 774 1581 summus
800 1543 837 1580 in
859 1544 959 1582 Divz‘i
981 1546 1103 1592 nitor:

91 1619 284 1656 Mortuum
307 1625 403 1654 nunc
425 1612 509 1664 post
528 1611 677 1650 Adonin
699 1611 909 1661 pulcritudo
928 1623 1083 1652 mortua.

91 1685 186 1724 Saxa
212 1681 300 1720 flent
328 1691 507 1732 rupesque
527 1678 675 1719 Adonin
691 1709 702 1726 ,
742 1679 832 1719 flent
851 1678 1005 1718 Adonin
1029 1681 1160 1730 ilices,

91 1753 198 1793 Flent
216 1751 297 1800 vagi
317 1749 461 1795 fontes,
492 1756 527 1787 et
547 1761 693 1797 amnes,
714 1756 946 1798 aggementes
969 1751 1148 1800 Cypriae,

93 1821 139 1861 Et
157 1819 288 1859 caduca
306 1818 544 1868 laerymarum
564 1829 586 1858 e
604 1819 702 1858 colle
724 1818 881 1856 volvunt
901 1817 1088 1867 pondera;

93 1888 369 1936 Flaccidumque
401 1887 436 1926 in
456 1894 555 1937 prata
577 1886 685 1925 flores
706 1889 808 1935 nigra
835 1886 1026 1936 deponunt
1048 1896 1180 1938 caput,

97 1960 200 1999 Dum
218 1967 289 2009 per
309 1965 436 2005 agros,
465 1954 546 1993 dum
569 1966 637 2005 per
658 1956 763 1994 urbes
788 1954 920 1995 flebilis
940 1955 1056 1996 fertur
1077 1958 1172 1997 Dea.

97 2084 178 2120 Vae
198 2081 360 2118 Dionae!
376 2077 456 2117 vae
475 2080 644 2118 Dionae!
670 2080 781 2119 Mors
801 2079 951 2120 Adonin
972 2082 1142 2122 abstulit!

103 2152 301 2204 Questibus
322 2149 517 2198 respondet
545 2149 676 2187 Echo:
705 2150 813 2188 Mors
835 2151 986 2188 Adonin
1007 2151 1173 2190 abstulit!

103 2219 203 2259 Heu!
220 2229 380 2258 amorem
396 2219 477 2268 quis
496 2218 644 2257 Dionae
663 2228 738 2255 non
765 2218 848 2257 fleat
870 2219 1103 2258 miserrimum
1119 2226 1134 2257 ,²

646 2298 660 2322 5
689 2297 709 2332 3
