1527 2807
76 370 155 422 ’fot
174 381 340 432 leporum
363 381 592 431 procreatrix
621 380 798 427 ,delicato
819 389 964 420 nectare

79 450 192 491 Roris
211 452 389 492 infantem
413 453 534 490 Latini
553 451 743 500 pusionem
764 452 938 501 perpluit.

131 524 250 572 Cinge
271 523 394 569 lauru,
425 522 599 566 Phoebe,
630 520 764 570 cinge(
782 519 828 556 fic
850 517 1038 568 meretur)
1052 516 1231 568 Higtium.

79 592 213 640 Higtio
232 592 316 630 dein
336 593 498 640 vagienti
517 591 630 629 Pallas
650 591 758 628 ubera
779 591 968 638 praebuit,

79 661 212 700 Mellis
232 662 293 700 illa
316 661 496 700 dulcioris
514 660 648 710 plena,
670 659 791 698 mellis
815 660 974 707 optimi,

78 731 193 784 Quod
213 732 339 781 thymo
357 733 504 770 virente
521 729 616 779 pasta
636 728 757 767 subter
775 727 947 765 arborum
970 738 1092 767 comas

77 801 214 838 Atticis
235 801 399 840 condunt
418 802 456 839 in
479 802 576 849 oris,
608 810 698 849 quae
720 806 848 846 vagant
869 800 1038 836 examina

78 869 225 918 Perque
244 879 388 909 montes
405 900 414 917 ,
436 881 577 920 perque
598 880 698 912 rura,
723 877 861 918 perque
887 866 1032 906 devium
1053 878 1196 908 nemus.

139 939 257 986 Cinge
278 938 380 976 lauru
397 970 407 985 ‚
428 941 578 978 Phoebe
594 968 605 985 ‚
625 940 732 987 cinge
755 938 834 987 (sse
854 937 1044 986 meretur)
1059 937 1240 983 Higtium.

79 1008 251 1056 Higtium
271 1019 395 1057 parem
418 1007 565 1046 Catullo
585 1019 670 1047 mox
689 1016 845 1057 utroque
867 1006 1010 1057 pollice

84 1079 233 1117 Gratiae
254 1077 395 1115 finxere
417 1085 556 1124 toturn,
577 1087 624 1116 ne
655 1078 734 1126 quis
754 1087 816 1115 aut
834 1077 1050 1124 venustior,

83 1149 159 1187 Aut
179 1147 287 1196 magis
309 1145 407 1185 foret
425 1146 562 1193 politus
579 1157 707 1195 ‚quam
729 1147 899 1185 venustus
924 1148 1096 1197 Higtius,

82 1219 201 1271 Quam
222 1218 361 1267 politus
381 1215 445 1254 ille
468 1217 591 1254 noster
606 1243 617 1262 ,
637 1216 755 1265 prima
778 1225 900 1254 vatum
920 1217 1054 1266 gloria.

139 1286 258 1334 Cinge
288 1285 412 1328 lauru,
437 1284 617 1333 Phoebe,
639 1285 768 1334 cinge(
777 1284 826 1322 fic
845 1285 1035 1335 meretur)
1059 1287 1242 1336 Higtium.

84 1356 221 1405 Higtio
241 1366 379 1394 novem
400 1357 580 1394 Camenae
600 1364 851 1404 temperarunt
873 1357 1083 1405 pectinem,

85 1427 208 1478 Quum
230 1426 378 1463 canebat
400 1426 636 1474 purpurantis
658 1425 761 1463 mille
781 1426 878 1464 veris
899 1426 1053 1475 gaudia,

83 1493 203 1533 Mille
223 1492 343 1540 lusus,
371 1502 408 1532 et
432 1494 585 1532 choreas
614 1493 786 1544 quidquid
813 1505 850 1534 et
869 1507 936 1534 ver
960 1497 1137 1547 parturit3

86 1552 277 1616 Quidquid
298 1563 425 1602 educat
444 1563 580 1603 solutae
598 1575 688 1603 vere
707 1563 848 1602 telluris
871 1565 948 1603 sinu

84 1634 207 1679 Aura,
237 1644 331 1682 quae
350 1642 451 1684 tepet
472 1632 663 1682 madetque
684 1632 729 1671 de
753 1635 889 1672 maritis
911 1634 1110 1682 imbribus,

88 1702 190 1741 Aura
212 1703 336 1741 mollis
352 1733 363 1751 ,
388 1704 484 1743 lenis
511 1713 594 1740 aura
615 1701 749 1743 fertilis
776 1705 945 1743 Favonii.

148 1773 267 1822 Cinge
287 1772 408 1820 lauru,
432 1774 608 1824 Phoebe,
633 1776 739 1824 cinge
761 1775 777 1826 (
790 1775 836 1814 fic
861 1771 1041 1821 meretur)
1071 1773 1250 1825 Higtium.

90 1841 259 1890 Higtium
279 1841 320 1878 ad
343 1842 488 1881 coelum
511 1834 645 1882 vocare
665 1843 828 1882 versibus
848 1845 940 1882 volo
969 1845 1075 1882 meis.

92 1910 250 1958 Tende‚
279 1911 406 1957 Musa,
426 1913 513 1962 quid
536 1912 739 1951 moramur?
759 1912 866 1951 Musa
880 1913 1016 1962 ‚tende
1040 1914 1222 1954 barbiton,

98 1979 201 2019 Vere
218 1981 279 2031 qui
301 1981 397 2020 redit
419 1992 546 2027 renato
565 1992 689 2032 pectus
710 1982 884 2021 incendet
905 1983 1019 2021 calor.

96 2051 200 2088 Vere
218 2061 298 2088 nam
317 2061 455 2090 cantant
477 2053 649 2091 volucres
669 2060 812 2101 myrteo
829 2052 891 2090 sub
910 2055 1085 2102 tegmine.

97 2117 200 2158 Vere
220 2128 359 2159 cantant
379 2122 471 2163 inter
495 2123 638 2166 umbras
662 2123 722 2162 hic
741 2131 777 2162 et
798 2123 877 2162 illic
896 2125 1075 2173 virgines.
