1527 2807
331 336 936 375 :atexnon
1115 344 1189 384 501

50 444 160 488 Heu!
189 451 309 484 tecum
338 443 552 482 innumeros
581 444 730 493 potuisti
763 440 912 481 auferre
935 440 1114 494 lepores,

104 518 181 570 Qui
211 516 301 554 mihi
333 515 404 552 iam
434 524 580 563 puero,
609 515 669 562 qui
702 513 877 563 placuere
908 514 1006 553 viro.

51 583 244 634 Namque,
275 581 337 621 ubi
365 590 402 620 te
424 581 546 620 tenuit
574 581 725 630 placidis
756 581 954 619 Valacbria
979 584 1113 630 terris.

105 653 299 705 (Forsitan
330 652 584 690 immemorem
615 649 764 687 barbara
793 659 892 690 terra
921 652 1068 700 tenet.)

49 725 150 764 Rura
180 732 386 770 nemusque
415 720 558 762 iacent,
591 718 718 768 prisco
747 719 848 757 velut
877 723 968 759 orba
996 724 1148 771 catore;

110 793 232 845 Quem
262 789 330 829 nifi
360 798 398 827 tu
425 788 598 832 dederis,
629 788 758 826 interit
788 785 900 827 omne
930 790 1056 829 decus.

52 863 186 907 Prata,
217 859 279 898 sed
308 860 381 897 heu
405 858 603 907 quondam!
628 858 822 907 gratiffima
844 868 947 907 prata
971 861 1174 911 Susannam

113 931 247 970 Vester
278 932 402 969 honos
431 929 491 967 ubi
523 928 653 966 nunc?
682 938 820 966 nomen
855 928 993 972 inane,
1020 931 1140 970 iacet!

59 1002 153 1042 Non
183 1003 342 1044 iterum,
374 998 478 1036 velut
507 992 609 1037 ante,
643 997 712 1033 tuis
743 996 981 1044 spatiabimur
1003 1002 1124 1049 agris,

113 1071 201 1109 Nec
231 1070 394 1108 dabimus
422 1065 541 1103 roseis
571 1064 698 1102 oscula
726 1067 841 1102 muita
870 1064 993 1103 labris.

61 1136 247 1181 Dilectae
273 1138 414 1176 salvete
443 1134 604 1180 herbae,
634 1143 720 1180 quas
750 1132 941 1181 preffimus
972 1133 1068 1182 una,

120 1208 295 1258 Virginis
324 1205 505 1243 ornabant
534 1200 621 1238 dum
653 1211 732 1238 mea
763 1200 854 1240 serta
882 1213 1004 1253 caput.

67 1279 103 1323 0
134 1279 306 1326 quoties,
335 1274 451 1311 viridi
483 1272 733 1320 requievimus
763 1273 898 1309 arbore
929 1273 1047 1311 tecti!

118 1347 293 1390 Arbore,
321 1353 412 1392 quae
437 1351 576 1378 mecum
608 1350 709 1377 uunc
729 1340 878 1389 quoque
899 1326 1036 1380 moesta
1059 1346 1189 1392 gemit.

70 1413 107 1452 Ο
138 1414 317 1463 quoties,
347 1408 488 1458 gelidae
517 1409 684 1456 proiecta
716 1408 751 1444 in
782 1409 948 1457 margine
979 1412 1110 1460 ripae,

124 1480 289 1519 Cantasti
322 1478 367 1517 ad
397 1475 585 1518 nostram,
617 1473 746 1522 pulcra
777 1477 962 1522 Susanna,
989 1482 1148 1530 chelyn!

71 1551 143 1595 At,
175 1551 304 1599 patriis
332 1547 527 1598 postquam
553 1541 762 1588 discedere,
790 1545 951 1593 perfida,
983 1551 1093 1587 terris

128 1620 299 1658 'I'entasti
318 1647 327 1663 ,
362 1616 481 1655 nimio
513 1614 656 1662 plectra
687 1613 826 1652 dolore
857 1624 991 1653 tacent.

79 1688 263 1730 Harlemii
294 1697 418 1736 prope
448 1685 665 1732 turrigerum
696 1685 763 1723 stat
786 1684 970 1723 frondens
998 1687 1125 1727 urbem

119 1759 265 1803 Lucus,
294 1766 332 1794 et
363 1767 382 1792 a
414 1754 521 1802 ligno
550 1755 685 1791 nobile
714 1765 853 1791 nomen
887 1756 1008 1796 habet.

74 1824 484 1878 ¹Accedoiacrymann
517 1823 674 1861 incertis
703 1822 860 1873 pastibus
890 1835 1001 1871 erro;

129 1894 305 1947 Qualiter
333 1893 457 1930 amisso
491 1893 612 1932 creffa
641 1894 763 1944 puella
793 1896 897 1932 viro.

77 1963 164 2002 lnic
193 1963 408 2008 arboribus,
439 1971 609 2013 tanquam
639 1976 773 2004 nemus
804 1966 979 2003 umbrave
1006 1966 1173 2017 prosint,

135 2034 384 2080 conqueror,
416 2033 508 2069 heu!
540 2032 664 2071 reditu
683 2035 765 2072 vela
795 2046 923 2072 carcre
946 2043 1024 2074 tur.

80 2106 173 2150 Tu,
204 2102 330 2140 levior
359 2099 487 2147 soliis,
517 2099 645 2152 fugisti
674 2102 763 2142 dura
794 2103 1073 2154 Menandrum

147 2171 328 2215 Hostibus
359 2172 537 2212 eveniant
563 2173 647 2214 talia
677 2173 777 2219 fata,
809 2178 968 2225 precor!

677 2241 726 2280 kk
755 2251 778 2296 3
