1527 2807
325 232 382 268 zm.
692 224 1127 254 nzn1c11iz

334 327 401 368 Sic
417 322 623 376 placitum:
651 320 866 370 sequimur;
890 315 1040 366 tamen,
1069 328 1112 358 ut
1145 315 1299 362 viduata
1326 318 1482 368 marito,
1503 331 1516 354 ‘s

389 394 524 434 Gloria
545 390 589 441 fit
612 388 774 435 summO,
804 400 878 426 non
900 391 974 428 eris
996 390 1112 434 orba,
1144 387 1235 430 deo.

327 467 420 511 Nec
441 472 480 501 te
495 461 693 511 poeniteat
713 466 840 508 partus
861 457 1013 496 subiisse
1038 457 1185 494 labores
1201 485 1212 502 ,

383 532 497 572 Prole
517 530 577 568 sua
598 527 706 565 stabit
720 557 729 573 ,
756 527 801 566 fit
825 526 1017 565 numerosa
1032 556 1045 576 ‚
1075 525 1223 564 domus.

325 605 387 647 En
402 610 583 653 puerum,
609 596 677 634 dos
701 597 817 645 prima
838 597 909 633 tori
933 587 996 643 qui
1020 595 1183 634 mascula
1201 596 1293 636 casti
1302 624 1316 643 ,

381 667 588 723 (Erubui,
621 675 660 704 et
687 665 775 703 totis
803 663 966 702 sensibus
991 661 1203 717 obstupui)
1346 719 1349 721 Β

331 741 434 781 Ecce
456 737 588 774 ducem
609 745 766 784 puerum
780 763 789 779 ,
815 731 931 771 video
954 730 1165 781 fratresque
1183 731 1382 783 sequentes
1391 745 1404 780 ;

384 808 438 848 Hi
457 807 592 845 ficcenr
611 798 815 852 lacrymas',
849 799 973 839 sedula
996 801 1128 846 turba,
1163 810 1260 841 tuas.

327 879 407 932 Qui
422 874 547 914 viduis
568 872 707 918 conjux
721 900 730 915 ,
753 869 844 908 deus
864 880 944 914 est,
971 867 1063 907 deus
1080 897 1091 915 ‚
1112 871 1204 908 orba
1225 877 1406 921 parente,

382 943 625 985 Praesentem
644 941 764 988 pubes
786 951 898 988 quem
918 939 978 987 pia
1000 948 1096 975 voce
1116 947 1240 987 rogat.

325 1015 478 1059 Defiit,
506 1021 544 1049 et
561 1010 704 1052 fuerat3
735 1006 1002 1057 praeclusaque
1028 1005 1153 1054 lingua
1175 1005 1310 1046 dolore

384 1086 528 1123 Dicere
559 1080 622 1115 vix
650 1077 800 1126 potuit:
834 1077 904 1114 fint
931 1085 1009 1114 rata
1040 1084 1131 1113 vota
1162 1087 1312 1126 precor.

327 1152 412 1197 Ah!
440 1150 592 1201 quoties
615 1143 824 1182 'sheuridos
849 1144 1008 1183 faeturus
1028 1144 1128 1184 sacra
1146 1147 1335 1192 Batavae,

384 1222 484 1264 Seu,
508 1216 720 1262 Sebagene,
749 1215 822 1252 tuis
850 1214 969 1252 sanae
992 1213 1056 1252 sub
1081 1213 1278 1264 auspiciis,

327 1292 421 1335 Sive
444 1286 516 1326 tuis
535 1313 544 1329 ,
569 1282 722 1321 Zanene
738 1311 748 1327 ‚
777 1285 886 1331 aequi
910 1281 1113 1320 castissime
1126 1280 1291 1327 vindex,

385 1354 471 1405 lpse
494 1353 558 1402 pio
581 1351 674 1388 vovi
695 1359 785 1388 vota
810 1359 966 1399 paterna
988 1348 1136 1390 animo!

326 1424 415 1466 Ab!
438 1422 590 1472 quoties
611 1421 753 1457 veteris
779 1418 937 1468 spatians
959 1418 1023 1457 sub
1045 1419 1211 1468 tegmine
1224 1418 1362 1466 filvae,

385 1490 548 1536 Delitii,
582 1488 719 1533 silvae,
748 1483 1033 1538 nobilista'ga,
1066 1489 1143 1534 tui,

330 1561 509 1602 Carmine
539 1558 683 1595 tentavi
708 1565 842 1593 tenero
865 1553 1059 1606 depellere
1085 1568 1221 1609 curas,

387 1630 496 1680 Quae
521 1626 634 1672 vag-iis
664 1626 825 1662 animum
849 1623 1052 1664 detinuere
1073 1625 1220 1667 modis:

330 1700 425 1740 Non
451 1705 574 1734 tamen
596 1704 716 1743 usque
734 1693 822 1731 mihi
845 1693 980 1731 Musae
994 1694 1166 1744 responsa
1185 1694 1392 1742 negabant,

388 1766 444 1804 At
466 1773 544 1808 tum
567 1764 770 1813 praecipue
790 1773 873 1800 cum
895 1762 955 1810 pia
977 1770 1067 1799 vota
1087 1761 1200 1800 dedi:

331 1835 415 1880 Sint
439 1841 517 1870 rata
537 1839 628 1869 vota
642 1829 774 1880 patris!
799 1829 1059 1883 (cantabam)
1078 1831 1207 1870 retulit
1230 1830 1360 1878 Echo„

386 1900 479 1943 Sive
501 1899 592 1938 deus
620 1911 790 1945 carmen,
819 1899 890 1937 fint
909 1909 987 1937 rata
1012 1909 1102 1937 vota
1122 1900 1265 1948 patris:

330 1970 472 2018 Omine
495 1967 654 2007 laetatus
675 1969 831 2018 supplex
849 1968 911 2018 pia
934 1969 1085 2007 numina
1114 1966 1231 2004 adoro
1246 1996 1260 2013 ‚

384 2039 436 2086 Et
456 2039 566 2096 posui
587 2038 771 2086 tremula,
801 2037 871 2084 fint
887 2041 987 2084 rata!
1017 2046 1113 2075 voce
1129 2033 1235 2084 dare.
