1527 2807
411 354 489 394 294
747 351 1179 382 LYRICA.

409 481 438 503 ‚.
469 451 675 491 Victoriam
696 450 770 489 effe
784 482 793 498 ,
823 450 953 489 cedere
975 448 1066 487 haud
1088 460 1244 498 unquam
1263 449 1373 489 malis.

412 548 443 573 ‚,
472 520 582 558 Ratio
602 519 752 557 salutern
780 518 930 569 publico
953 518 1107 556 innectit
1124 519 1240 557 bono.

411 618 441 637 ‚,
469 590 568 627 Mox
591 598 735 638 tempus
759 588 894 631 aderit,
924 595 962 625 ut
983 588 1068 626 sacri
1092 599 1193 626 vates
1216 597 1372 639 canunt,

413 684 441 705 ‚,
470 657 615 705 Europa
634 657 775 706 quando
798 657 865 695 iam
891 669 1009 707 prope
1032 659 1190 707 accipiet
1210 659 1354 708 iugum,

410 753 439 772 „
469 725 597 762 Virtus
618 726 790 762 Britanna
810 728 846 764 ni
873 737 974 765 vetet
997 738 1075 765 cum
1093 728 1264 777 Belgicu,

412 823 439 842 „
469 794 612 832 Heroas
634 795 718 830 actis
740 804 946 842 provocans
969 804 1114 834 veteres
1136 797 1256 834 novIs.

410 893 440 911 „
470 864 547 901 Vbi
572 861 831 910 perseverant,
865 864 980 903 hostis
1003 866 1041 902 in
1065 863 1165 912 leges
1188 865 1313 912 venit3

411 961 443 984 ‚.
471 933 536 972 Sin
559 933 632 969 vim
660 933 850 983 relaxent,
880 935 1004 972 omnia
1025 933 1064 970 in
1088 943 1264 982 praeceps
1286 932 1433 971 dabunt.

409 1030 439 1049 „
470 1002 549 1050 Age
567 1028 580 1048 ,
610 1002 726 1046 civis,
756 1004 889 1052 igitur3
920 1000 1064 1038 arduam
1092 1012 1140 1039 ne
1165 1000 1290 1038 desere

410 1100 438 1120 ,‚
469 1073 574 1110 Viam
600 1071 744 1110 salutis.
774 1067 870 1107 haud
893 1068 1022 1116 procul
1047 1068 1191 1117 fastigio
1208 1095 1219 1114 ,

405 1167 439 1191 ‚,
469 1140 663 1188 Longique
686 1135 788 1175 nisus
809 1136 924 1186 perde
945 1148 992 1175 ne
1015 1137 1171 1177 fructum
1194 1135 1322 1174 semel.

407 1234 435 1254 ‚,
466 1207 559 1260 Quis
585 1218 702 1257 nuper
731 1207 838 1244 ardor
859 1215 983 1255 pectus
1005 1208 1185 1245 animabat
1209 1207 1332 1243 tuum!

406 1303 435 1322 „
465 1276 583 1328 Quum
601 1277 727 1325 pulcra
747 1275 855 1313 verba
869 1303 882 1322 ‚
911 1277 970 1323 qui
995 1285 1125 1323 regunt
1144 1275 1282 1325 aulam,
1313 1273 1461 1314 dabant!

411 1371 441 1392 ‚,
473 1341 571 1381 Cum
597 1345 632 1382 se
651 1343 829 1391 negabant
846 1343 979 1381 cedere
1001 1346 1248 1382 anterioribus

405 1441 432 1460 ‚‚
466 1415 506 1450 In
534 1411 791 1461 prosequendo
813 1413 952 1462 publici
976 1414 1098 1462 coepti
1120 1413 1247 1462 gradu.

420 1512 444 1530 ‚,
466 1483 541 1520 Cur
563 1490 656 1520 tanta
677 1492 775 1519 nunc
796 1483 967 1530 promiffa
991 1491 1057 1520 tarn
1081 1483 1201 1522 subito
1222 1482 1378 1531 cadunt,

408 1581 437 1600 ‚‚
468 1551 589 1589 Vnius
612 1551 722 1596 anni,
752 1552 806 1589 nii
829 1555 1101 1601 retorquentis,
1131 1551 1266 1592 more?

406 1650 432 1669 „
463 1623 565 1674 Quin
587 1629 688 1659 aucta
709 1622 789 1670 spes
809 1621 887 1659 est:
917 1632 1073 1670 prosper
1095 1621 1250 1671 adspirat
1284 1621 1399 1670 deus,

408 1719 438 1740 „
469 1693 521 1729 Ni
547 1703 614 1729 nos
643 1701 841 1728 moremur.
899 1687 1028 1726 Hostis
1051 1689 1089 1726 in
1114 1692 1224 1728 nobis
1244 1691 1354 1737 latet,

406 1787 435 1806 ‚,
467 1760 655 1808 Furorque
676 1761 789 1798 saevit
817 1760 910 1796 intus
929 1768 977 1795 ex
1007 1758 1077 1796 irnfi
1100 1759 1221 1808 Styge.

403 1855 432 1874 „
465 1829 565 1876 Ergo
594 1831 814 1878 expiemur,
844 1837 881 1866 et
899 1834 1060 1876 petamus
1081 1827 1240 1864 coelitus

405 1924 433 1943 „
465 1896 636 1933 Mentem
665 1895 852 1944 serenam,
887 1899 1082 1934 maximum
1106 1907 1233 1934 munus
1263 1893 1386 1936 deum.

401 2033 468 2072 Est
487 2031 560 2081 ipsa
580 2031 706 2071 Virtus
728 2035 803 2072 visai
830 2043 896 2081 per
921 2034 1044 2071 senem
1070 2031 1193 2083 loqui,

402 2099 637 2148 Nebuiisque
657 2100 767 2149 pulsis
791 2101 918 2138 sanitas
942 2102 1069 2140 animis
1099 2102 1220 2152 redit,

401 2170 455 2210 Ni
481 2170 585 2208 FurIa
609 2169 726 2208 rursus
753 2168 888 2208 artibus
911 2170 1034 2209 turbet
1057 2171 1183 2210 novis.
