1527 2807
325 300 397 342 22ss
658 299 1090 336 Lanca.

321 403 431 448 Coeli
463 401 646 449 fragorem
675 400 927 450 diffonumque
955 409 1174 450 procreant,

427 472 636 520 Pelagoque
666 468 809 508 tandem
839 470 903 509 sub
932 471 1025 508 truci

320 544 414 581 Cum
445 553 570 590 puppe
599 547 769 588 mergunt
798 540 955 585 navitas,
986 547 1022 578 et
1048 546 1229 589 proruunt

433 609 576 648 Turres
605 619 641 647 et
670 611 777 647 urbes
806 612 987 648 maximas.

318 682 468 729 Nempe
496 680 564 717 alta
592 689 716 728 regqm
741 686 833 718 tecta
861 677 1001 716 fulmen
1031 677 1214 728 percutit,

430 750 612 798 Casaeque
641 749 760 797 parcit
788 747 926 785 rustici.

319 821 433 857 Inane
461 818 549 855 tutis
580 816 708 857 scindit
730 818 794 856 aiis
824 815 1036 860 Daedalus,

431 886 536 924 Cadit
565 886 737 936 superbus
767 889 915 932 Icarus,

319 955 586 1005 Phaethonque
616 956 660 994 ad
691 957 759 999 alta
786 966 867 993 cum
896 954 1041 994 volaret
1072 954 1204 1006 fider³‚

435 1026 526 1064 Ruit
554 1025 739 1064 Tonantis
771 1023 940 1063 fulmine.
1204 1018 1209 1022 ”

318 1095 540 1147 Quicunque
570 1093 643 1132 sese
673 1094 772 1136 tollit
799 1094 902 1143 ipse,
931 1093 1087 1138 labitur,

425 1163 658 1210 Humilisque
689 1163 726 1199 in
758 1161 870 1201 altum
897 1161 1054 1200 tollitur.

319 1233 472 1282 Vbique
500 1232 651 1284 quandoq
678 1231 784 1270 saeva
810 1231 1003 1281 tempestas
1032 1224 1150 1280 ‘furitg

427 1303 511 1339 Nec
539 1311 623 1339 arva
652 1311 720 1349 per
750 1299 907 1340 ridentia

319 1371 415 1409 Sinit
441 1369 602 1407 colonos
630 1368 798 1408 candidas
829 1367 945 1407 laetos
973 1377 1065 1422 oves

423 1437 584 1476 Oriente
616 1437 694 1476 sole
725 1435 884 1482 ducere;

318 1509 429 1547 'Tunc
457 1508 552 1544 acuit
578 1507 697 1547 obtusi
724 1507 870 1555 quietus
899 1508 1064 1546 vomeris

425 1579 566 1615 Dentes
594 1584 737 1623 arator,
766 1576 897 1613 arbore

316 1644 480 1684 Cavatve
509 1645 660 1692 lintres,
689 1651 748 1682 aut
777 1647 880 1693 gregi
913 1644 1049 1694 fignum
1079 1647 1280 1700 imprimit,

419 1713 601 1752 Bifidasve
630 1712 747 1750 furcas
779 1713 946 1770 instruit,
1279 1706 1285 1714 ι

318 1782 415 1836 Quis
445 1782 581 1820 de1nde
612 1781 725 1825 laetos
757 1781 918 1830 alligabit
946 1787 1141 1835 pampinos
1158 1814 1171 1834 ,

426 1852 578 1901 Semper
605 1853 732 1900 quieto
764 1861 947 1900 pectore3

314 1920 510 1965 Laboriofi
538 1923 621 1957 dum
655 1921 798 1961 labores
833 1923 1039 1962 concinens

426 1991 532 2027 onr
563 1992 683 2028 mariti
712 1992 873 2040 mitigat,

318 2060 498 2113 Telasque
527 2062 710 2108 peremit
740 2062 880 2099 sonoro
914 2063 1074 2111 pectine.

426 2129 498 2176 At,
528 2138 610 2169 cum
638 2130 768 2170 sereno
800 2131 939 2184 lumine
