1527 2807
391 278 988 330 anserx-cm«.
1198 299 1277 348 333

158 399 297 440 Fraude
328 410 431 440 tenes
449 427 458 440 ‚
480 410 720 448 quaecunque
739 407 842 436 tenes
856 428 866 443 ,
898 395 1071 446 furtoque
1082 396 1278 449 dolisque:

215 468 375 508 Perdere
407 469 453 506 sie
481 469 590 507 etiam
619 477 674 505 tot
703 469 798 505 bona
827 468 955 516 dignus
982 479 1076 509 eras.

158 537 199 578 Si
230 537 300 576 fuit
330 539 367 575 in
397 537 503 581 fatis,
532 545 568 574 ut
597 543 726 585 aperto
755 537 880 572 Marte
902 538 1067 584 perires;

218 605 379 643 Auriaca
407 605 482 644 laus
511 605 566 642 est
597 614 730 653 quanta
759 606 887 654 perire
916 606 1046 642 manu!

159 674 236 712 Vix
265 682 412 722 poteras
443 674 555 711 coelo
584 673 798 722 superisque
826 670 1027 719 benignius
1057 674 1133 713 utiz

215 742 314 780 Nam
341 743 436 779 bene
464 741 575 781 dilabi
604 753 682 780 non
712 743 807 783 bene
836 750 934 790 parta
965 743 1080 781 vinies.

166 849 286 899 1645,
814 862 920 889 Nxc.
963 860 1225 893 ΗΕῐΝςινς.

401 1078 487 1114 IN
540 1075 1052 1113 ORATIONEM

226 1156 678 1232 s'I'Mole
761 1180 1216 1230 GAKELII

243 1313 314 1343 DE
343 1309 591 1342 OBSESSA
619 1309 694 1338 ET
723 1309 1022 1341 LIBERATA
1051 1313 1198 1342 VRBE

641 1379 849 1408 LEYDA.

164 1529 329 1620 Cum,
360 1570 598 1623 populaturus
629 1571 811 1612 formosae
839 1575 986 1613 moenia
1016 1576 1187 1627 Leydae,

215 1644 343 1683 Ferret
374 1647 412 1683 in
443 1653 613 1682 aeternos
642 1644 822 1681 Cantaber
853 1655 946 1682 arma
977 1645 1091 1691 lares,

159 1715 288 1752 Invius
317 1715 513 1752 undantem
541 1713 697 1750 Rhenus
728 1722 962 1751 contraxerat
989 1715 1157 1762 alveum,

214 1786 380 1832 Cumque
409 1785 474 1823 suo
501 1783 612 1821 tellus
645 1783 799 1822 flumine
829 1783 943 1823 clausa
973 1783 1057 1822 fuit.

159 1853 288 1892 Dousa
318 1863 418 1903 pater
447 1853 546 1895 risit,
575 1853 771 1902 medioque
804 1854 992 1892 interritus
1021 1853 1132 1892 hoste

212 1921 291 1959 Aut
318 1921 406 1967 hos,
437 1927 496 1957 aut
523 1919 656 1958 ssmiles
685 1922 843 1970 protulit
870 1933 940 1960 ore
969 1923 1104 1963 sonos:

161 1987 264 2041 Quid
289 1987 379 2024 mihi
409 1998 491 2025 cum
520 1988 673 2035 tellure,
706 2001 805 2028 meus
830 1990 914 2029 dum
938 1991 1070 2032 sufficit
1100 1994 1256 2035 aether?

215 2055 286 2094 me
314 2056 375 2094 vel
408 2056 528 2095 invito
558 2053 692 2097 serviet
718 2060 824 2098 hoste
854 2061 960 2100 mihi.

157 2124 247 2165 Sola
274 2135 320 2163 ex
347 2123 384 2164 se
412 2127 550 2176 genitis
577 2128 685 2167 tellus
715 2138 834 2179 patet,
865 2131 968 2169 inv1a
997 2133 1130 2173 nobis:
