1527 2807
320 291 924 334 ιιιιιιτιζ
1112 297 1188 341 449

51 401 139 444 nec
163 401 296 454 procul
325 402 416 441 inde
444 403 550 443 labro
579 402 739 442 calamos
758 407 957 454 percurrat
983 400 1128 440 hiantes

104 476 310 524 caprarum
341 473 489 518 custos,
517 473 717 524 upilioque
748 473 941 522 frequens.

51 543 114 584 Sic
145 544 342 589 tumulum.
373 544 431 582 cui
461 543 621 592 Papini-‘i
650 547 838 579 accantare
869 539 1014 579 solebat

97 613 130 650 E
157 613 263 651 claro
292 610 426 660 templi
449 612 623 660 margine
652 609 765 647 Musa
792 609 867 655 ταῖς

53 683 178 736 Quem
207 683 306 720 iuxta
327 680 551 721 Heinfiades
574 679 821 725 nostras,tibi
849 687 988 718 nomen
1008 676 1186 724 amicum‚.

103 751 296 800 Plusquarn
326 749 504 788 consueto
533 750 689 787 numine
719 756 833 787 tactus
874 755 976 791 erat;

48 821 111 860 Sic
139 822 315 860 tumulum
344 820 527 859 illustrem
555 819 692 857 creber
729 817 908 868 spectator
937 817 1043 857 adire

102 889 292 934 Gaudeat,
327 890 518 929 instinctus
544 887 733 937 religione
769 889 862 928 loci!

9 971 30 1001 ,ψ
46 956 112 997 Sic
139 957 259 996 doctis
289 957 359 998 fint
385 961 428 998 in
457 959 648 1003 manibus,
677 957 813 996 divine
842 956 982 1007 poeta.

103 1027 286 1076 Tityrus,
315 1037 353 1067 et
381 1029 550 1078 segetes,
576 1029 789 1075 lliacusque
819 1024 938 1062 labor!

47 1095 124 1141 Sic.
145 1098 355 1145 quicunque
381 1098 491 1135 malis
520 1103 577 1133 tua
602 1097 733 1145 pulcra
768 1096 941 1146 poemata
977 1100 1101 1134 tentet

99 1163 268 1201 Vocibus
302 1167 340 1204 in
370 1165 523 1204 foedum
552 1166 818 1206 conscelerate
845 1162 1018 1210 modum,

3 1254 6 1258 .
43 1230 236 1271 Asfitniles
266 1233 395 1288 stolidi
424 1235 584 1285 Phrygis
614 1236 781 1280 auribus.
811 1235 947 1283 arrigat
974 1243 1104 1281 aures,

100 1299 239 1337 Debita
268 1302 447 1350 perverso
476 1305 642 1353 praemia
673 1299 833 1342 iudicio.

6 1409 13 1427 x
44 1368 182 1415 Hunc,
212 1370 264 1408 ita
294 1379 366 1419 pro
394 1371 536 1409 meritis
563 1372 620 1410 sua
649 1383 818 1422 tempora
846 1371 1122 1422 turpificatum,

103 1434 291 1486 Sugillent
320 1440 475 1479 comites
505 1441 590 1480 navi
620 1439 924 1480 Heliconiadum!

51 1506 209 1547 fallor?
226 1520 270 1546 an
301 1519 361 1546 ara
380 1508 581 1553 tremiscit,
612 1507 799 1558 Apolline
827 1516 929 1547 mota
958 1508 1152 1548 secundo?

102 1576 258 1616 Failor?
287 1588 329 1616 an
360 1577 591 1628 increpitans
621 1577 679 1617 dat
707 1578 809 1616 bona
834 1576 932 1627 figna
961 1578 1122 1630 chelys?

524 1732 719 1763 tuane.
777 1735 1068 1767 nzsstuvs.

672 2211 745 2254 ἔξ
