1527 2807
108 443 650 496 1ANo.vAN
712 444 831 492 DE
887 411 1176 500 Pom„

113 576 166 604 An
183 553 418 604 'PRINCIPEM
446 573 783 602 ARAvsonENsEM
814 572 942 602 VERBA
968 571 1175 601 rAcmN'rr.

71 639 352 742 Consulibus
373 696 525 735 Proavis
546 695 592 735 de
613 696 750 735 semine
769 701 852 733 nate
871 696 1031 742 Batavo,

126 764 234 804 Iubar
253 767 434 815 vetustae,
464 756 612 814 Pollio,
640 775 779 804 novum
803 762 958 802 domus:

73 835 173 888 Quas
196 837 262 874 tibi
284 848 361 875 non
384 844 498 885 grates
519 835 626 873 debet
645 844 726 874 tuus
748 833 932 878 Arnstela;
959 845 1046 884 quas
1073 844 1151 879 non

131 906 270 944 Vinclo
291 915 418 946 tenace
438 906 546 945 Mosa
568 908 711 944 iunctus
728 899 942 944 Amstelae?

71 961 218 1013 'Plaudit
237 984 388 1024 uterque
410 976 478 1013 suis
498 978 568 1025 qua
590 985 727 1013 cornua
745 974 846 1013 tollit
869 977 912 1015 ab
934 975 1067 1023 undis,

127 1044 240 1093 Ripas
260 1056 328 1095 per
349 1056 474 1084 omnes
495 1054 632 1084 nomen
654 1043 829 1082 insonans
850 1054 961 1085 tuum.

73 1113 161 1153 Nec
182 1125 308 1154 mora:
334 1116 370 1154 se
391 1117 563 1155 comitem
582 1114 836 1166 plaudentibus
856 1113 989 1154 addere
1014 1115 1125 1166 gestit

129 1183 264 1222 Museo
286 1186 432 1225 virente
454 1187 589 1225 Merva
615 1184 843 1234 praecinctus
865 1194 986 1233 caput.

77 1252 115 1291 O
139 1254 204 1291 ita!
235 1265 328 1302 vos,
355 1257 463 1295 tantis
487 1265 525 1295 ut
545 1253 690 1293 constet
708 1250 827 1303 gioria
847 1255 1015 1304 coeptis,

131 1323 281 1362 Nomen
302 1324 440 1364 referte
459 1325 647 1364 Pollionis
669 1323 821 1361 millies.

82 1392 246 1430 caussam
268 1395 340 1442 agit
367 1394 536 1433 Auriacas
565 1394 720 1433 vestram
739 1392 878 1442 legatus
898 1390 941 1429 ad
961 1403 1078 1430 aures.

131 1463 219 1501 Dii!
251 1471 378 1512 quanta
402 1463 458 1502 vis
478 1464 551 1509 est;
579 1471 730 1514 quantus
753 1463 790 1500 in
810 1461 935 1500 verbis
955 1461 1092 1500 decor!

76 1532 168 1572 Non
189 1531 294 1569 aliter
315 1531 454 1570 Patriae
475 1531 573 1582 leges
593 1539 632 1571 et
649 1532 802 1582 pristina
823 1531 899 1570 iura

132 1601 309 1650 stupente
328 1599 508 1648 quondam
530 1601 680 1641 Caesare
700 1598 854 1640 adseruit
878 1602 987 1644 Cato.

78 1669 226 1716 failor,
255 1681 300 1707 an
320 1670 494 1708 attonitos
517 1671 582 1708 hac
603 1670 750 1709 Tullius
771 1679 848 1709 arte
871 1671 1042 1726 Quirites

132 1738 254 1788 Atque
275 1739 348 1788 ipsa
370 1739 515 1789 linguae
536 1739 671 1778 Rostra
690 1739 859 1779 devinxit
882 1742 962 1779 suae
979 1742 1000 1780 2

78 1808 141 1846 Tu
162 1819 256 1846 vero
275 1815 357 1846 ante
378 1807 490 1856 alios,
511 1813 622 1859 'pater
647 1810 724 1856 Ya,
753 1811 944 1860 potentior
973 1817 1119 1860 amnes,'

133 1878 299 1925 Ingentis
320 1878 449 1926 ingens
469 1879 580 1917 amnis
601 1864 735 1916 :irbiter
758 1880 888 1924 maris;

80 1946 156 1985 Hic
180 1946 242 1984 ubi
269 1948 460 1986 Mercurio
490 1947 700 1986 sublimibus
727 1947 796 1986 alta
817 1949 1025 2002 columnis,

134 2016 272 2053 Totum
300 2027 364 2065 per
387 2018 514 2056 orbem
540 2026 649 2062 nota,
677 2016 790 2066 surgit
808 2017 997 2067 porticum

86 2085 193 2124 Pone
215 2083 311 2121 Viro
333 2085 475 2124 statuam
497 2085 542 2124 de
565 2098 770 2133 marmore,
801 2099 902 2137 pone
919 2091 1096 2140 merenti,

138 2152 252 2204 Quod
273 2154 381 2204 longa
400 2154 504 2195 duret
524 2156 753 2205 posterorum
783 2157 898 2199 secula
911 2167 931 2204 ,’
