1527 2807
344 309 855 341 annotet.
1083 305 1160 350 147

46 408 198 463 Regales
215 409 339 461 epulas
361 412 533 459 genitor,
565 411 789 459 iungensque
814 411 962 449 sorores

47 482 246 527 Fratribus,
277 479 411 518 insonti
433 479 537 518 fimul
559 479 752 529 indulgere
776 481 922 519 iubebat

43 551 241 596 Laetitiae;
272 557 350 589 tum
368 561 415 588 ne
434 550 555 588 vultus
577 551 756 599 gravitate
777 550 886 588 senili

46 622 119 660 Aut
139 621 252 659 solum
273 620 383 670 patris
405 617 588 657 iuvenilia
606 619 736 667 gaudia
754 629 890 658 nomen

45 691 249 740 Laederet,
277 689 354 740 ipse
377 689 506 727 volens
525 689 670 734 aberat,
701 696 876 738 tectoque
898 689 1019 729 silenti

45 760 202 800 Sobrius
227 760 265 798 in
293 759 388 796 natis
411 760 522 798 toties
545 759 709 797 conviva
726 758 880 798 sedebat.

44 831 187 868 Verum
210 828 272 867 ubi
294 827 480 877 septenum
500 828 677 866 convivia
695 826 784 866 laeta
805 839 873 878 per
895 829 1024 867 orbem

48 899 282 938 Transierant
298 925 309 943 ,
336 896 463 947 preffis
484 896 528 935 ad
550 896 588 935 se
612 896 807 935 revocabat
827 896 984 935 habenis

48 967 221 1007 Effoetos
241 968 398 1007 nimium
423 968 596 1012 iuvenes,
627 965 670 1004 ad
691 966 808 1017 prima
832 974 1053 1016 retorquens

50 1037 210 1075 Virtutis
232 1034 368 1081 studia,
397 1043 434 1074 et
461 1035 571 1074 calles
589 1035 742 1074 acclivis
764 1036 924 1076 honesti.

45 1106 157 1144 Neve
181 1103 268 1153 quid
292 1104 332 1142 in
353 1105 511 1143 sanctum
529 1112 697 1144 natorum
723 1107 852 1155 gaudia
876 1107 1029 1145 Numen

46 1173 281 1219 Peccaffent,
312 1174 557 1225 meritumque
576 1174 687 1213 decus
710 1173 774 1213 sub
793 1175 908 1215 corde
929 1173 1135 1224 negarent,

48 1243 207 1284 Sedulus
229 1242 424 1282 hesternae
447 1243 629 1281 commissa
649 1241 790 1294 piacula
809 1246 954 1285 mensae

47 1313 254 1362 Exsurgens
276 1312 357 1362 ipso
379 1313 528 1361 genitor
550 1323 634 1352 cum
654 1313 732 1353 sole
755 1314 901 1360 luebat,

45 1384 91 1421 In
112 1384 254 1434 septem
270 1389 372 1420 natos
394 1379 546 1420 totidem
566 1381 661 1420 sacra
678 1383 853 1432 sanguine
874 1384 989 1424 multo

48 1452 140 1490 Rite
159 1450 307 1502 ferens,
337 1451 520 1500 castisque
545 1449 698 1489 adolens
722 1452 845 1490 altaria
867 1451 1031 1493 flaminis.

49 1519 241 1558 Hactenus
263 1520 355 1559 haec
377 1527 530 1558 cunctae
557 1521 653 1559 Iobo
670 1521 742 1561 fuit
765 1522 889 1560 orbita
906 1522 1027 1571 vitae,

49 1589 122 1627 His
142 1589 253 1628 coelo
281 1597 475 1639 terraeque
498 1590 646 1640 placens
672 1590 897 1639 virtutibus,
926 1600 1040 1630 unuin

47 1656 186 1696 vrebat
207 1657 400 1697 sathanam
422 1666 460 1697 et
482 1659 634 1700 stimulis
659 1661 814 1711 agitabat
835 1661 979 1698 amaris.

50 1724 127 1764 Hic
145 1724 331 1773 quondam
352 1727 391 1765 in
420 1728 551 1767 sacram
572 1729 722 1780 serpens
742 1730 939 1780 irrepserat
957 1728 1101 1783 aulam,

51 1793 135 1846 Qua
162 1794 269 1833 Pater
287 1797 522 1847 omnipotens
544 1799 637 1838 natis
655 1808 801 1839 aeterna
830 1802 974 1839 vocatis

49 1864 135 1901 Iura
153 1861 232 1909 dat,
262 1872 298 1903 et
317 1866 456 1905 summo
474 1867 626 1908 sortitur
646 1870 799 1910 numine
817 1869 898 1910 fata.

50 1928 176 1978 thue
198 1933 392 1981 peregrina
409 1935 607 1976 latitantem
626 1938 665 1977 iu
684 1939 768 1979 sede
790 1940 990 1982 draconem

51 1997 224 2046 Agnovit
242 1999 367 2040 Deus:
393 2004 431 2043 O
452 2013 491 2045 tu
511 2007 574 2056 qui
594 2007 816 2048 coelestibus
842 2011 918 2048 oris

55 2066 205 2115 Pulsus,
238 2068 306 2115 ait,
331 2072 430 2110 terra
450 2073 630 2126 profugus
653 2090 821 2129 quoque,
850 2078 960 2118 solius
981 2080 1063 2119 otc!

57 2135 185 2184 Civis,
216 2137 349 2190 ubique
366 2149 430 2181 tuo
452 2154 561 2194 quem
581 2146 657 2186 fers
679 2147 741 2188 sub
763 2156 917 2201 pectore
936 2157 1086 2197 tecum,

611 2214 624 2250 1
653 2225 676 2255 2
