1527 2807
362 303 463 339 *2‘42
709 295 1141 325 ιῑιιῐεΑ.

494 400 642 445 Nempe
669 406 746 439 non
770 395 855 435 rar'o
884 394 1055 443 fugiunt,
1086 390 1184 442 quod
1205 398 1353 441 optant,

501 468 680 515 Virgines
709 466 876 515 pulcrae;
907 471 1168 511 metuuntque,
1201 461 1298 510 quod
1321 470 1396 499 non

499 537 574 575 Vel
598 534 702 574 Iovis
723 533 882 578 coniux,
911 532 973 571 vel
995 531 1139 569 amanda
1160 540 1340 579 nunquam

993 601 1129 650 Cypria
1158 601 1260 638 vitat.

502 677 553 716 At
578 673 689 714 semel
721 671 842 710 victae
867 680 982 720 prece
1002 668 1272 718 lacrymisque,

497 745 545 783 Et
571 745 671 783 suum
697 741 807 779 fassae
829 737 924 776 facie
945 738 1092 776 rubenti

504 814 681 861 Crimen,
711 813 749 850 in
775 808 889 846 laetos
912 803 1045 844 melitis
1067 806 1265 846 cachinnos

995 875 1135 913 Tristia
1154 885 1305 917 mutant.

503 951 565 989 Sic
588 950 655 988 tibi
677 959 774 987 nunc
798 946 955 996 Wyckia
986 945 1108 992 ridet,
1144 945 1272 985 eedem

500 1020 590 1058 Vsta
607 1030 672 1057 cor
696 1016 838 1055 tandem
860 1015 964 1063 face,
994 1012 1215 1063 candidique

509 1090 639 1129 Pectus
666 1087 819 1126 Abrami
846 1084 1004 1123 lacerum
1026 1081 1168 1120 mederi

994 1151 1134 1192 Gaudet
1154 1151 1282 1190 amica.

507 1223 695 1271 Particeps
735 1223 897 1261 flammae
919 1221 986 1260 tibi
1011 1231 1091 1258 cum
1118 1218 1307 1265 medetur,

503 1294 608 1342 Ipsa,
639 1303 729 1341 quae
755 1302 936 1340 nunquam
971 1290 1071 1339 prius
1096 1289 1265 1337 imperita

511 1363 705 1409 Noverat,
737 1361 834 1399 casto
856 1360 1011 1399 meliora
1029 1358 1143 1397 corde
1286 1368 1291 1405 i

1001 1428 1142 1468 Gaudia
1163 1428 1281 1470 sentit.

508 1499 647 1544 Solve.
678 1510 768 1549 age,
798 1498 946 1547 audaci,
977 1496 1060 1536 finit
1078 1498 1150 1548 ipsa
1171 1499 1343 1547 tandem

507 1568 675 1606 Dextera
701 1578 855 1615 zonam,
887 1569 1118 1617 Venerisque
1139 1567 1277 1614 laetos,

507 1636 713 1676 Tramitem
735 1638 841 1675 vobis
862 1635 979 1674 Amor
999 1635 1076 1686 ipse
1101 1635 1250 1681 sternit,

994 1705 1142 1754 Pergite
1165 1704 1203 1742 in
1221 1703 1362 1742 hortos.

513 1773 589 1812 Hic
617 1785 718 1814 tuum
742 1774 914 1814 claudens
937 1774 1029 1812 latus
1048 1771 1265 1818 ambulabit,

512 1841 660 1890 Atque,
687 1846 811 1882 mirata
832 1844 1002 1883 insolitos
1023 1843 1155 1881 odores
1173 1872 1184 1888 ,

518 1910 656 1959 Carpet
681 1912 827 1961 ignotos
852 1910 1060 1952 tremefacta
1083 1910 1188 1949 molli

1000 1980 1147 2021 Pollice
1168 1979 1293 2018 flores.

517 2049 619 2088 Dum
638 2049 747 2087 timor
770 2049 890 2096 cedit,
921 2048 1149 2097 redeuntque
1171 2051 1293 2100 vires,

514 2117 595 2169 Ipsa
616 2118 802 2157 AmatoriS
829 2126 934 2170 caput
954 2125 991 2157 et
1012 2115 1162 2168 capillos
1178 2145 1189 2164 ,
