1527 2807
307 295 384 342 384
573 300 1167 342 ιιισιΑοιρ

301 400 500 451 Extemplo
519 399 684 438 violenta
703 399 818 439 febris
837 432 847 448 ‚
879 402 1137 455 languorque,
1167 405 1348 460 dolorque

355 471 556 520 Praecipiti
579 468 760 507 dederunt
782 469 932 510 barbara
960 479 1058 519 terga
1082 472 1209 524 fugae3

303 541 392 580 Sive
415 537 516 589 qubd
538 539 728 577 aethereos
752 547 808 577 tua
831 541 947 591 littera
970 542 1077 590 spirat
1098 543 1234 584 odores
1248 575 1260 593 ,

352 608 516 654 Littera,
555 606 699 654 Pegasei
727 606 877 646 flumine
899 609 1008 658 plena
1030 611 1154 659 pedis;

300 677 392 718 Sive
416 676 517 728 qubd
533 689 551 714 a
565 706 575 723 ,
595 675 715 726 polito
738 675 893 714 meliore
914 677 975 713 sub
998 679 1102 726 aere,
1139 683 1223 722 Sala

354 747 521 786 Flaverat
545 747 582 784 in
606 745 749 783 nostros
771 747 888 784 sanior
909 758 993 784 aura
1017 748 1130 796 lare53

301 816 377 856 Seu
395 813 694 855 medicaminibus
719 816 955 864 tua‘contigit
977 817 1052 854 otia
1074 820 1216 869 Paean,

354 886 403 925 Et
424 885 512 922 mihi
535 884 766 933 prae-sentem
789 885 1007 924 conciliavit
1030 898 1154 937 opem.

303 952 495 1008 Quidquid
517 952 553 990 id
575 953 654 1000 est,
686 953 819 992 validas
843 955 1046 993 habuerunt
1070 958 1228 996 carmina
1251 961 1350 1000 vires

351 1025 400 1062 Et
419 1022 596 1061 medicina
617 1024 690 1061 mei
711 1034 811 1063 certa
832 1023 939 1063 fuere
960 1024 1061 1062 mali-

300 1092 389 1132 Plus
411 1092 501 1131 mihi
523 1092 661 1131 Medea
682 1095 876 1143 magnique
904 1094 1109 1143 propagine
1131 1094 1242 1143 solis,

358 1163 534 1206 Gramine
566 1161 753 1209 Carpathii
776 1158 860 1209 plus
884 1161 1030 1199 valuere
1053 1159 1161 1198 senis.

303 1232 374 1270 Illa
393 1225 552 1281 q'ueant,
584 1231 709 1268 edocta
732 1240 861 1277 graves
881 1229 1069 1278 depellere
1088 1232 1239 1270 morbos
1252 1263 1264 1279 ‚

355 1303 506 1340 Ducere
530 1297 576 1336 de
597 1298 720 1336 medio
741 1296 853 1334 fidera
875 1295 944 1333 fixa
962 1296 1068 1344 polo.

303 1370 371 1410 Illa
389 1369 451 1409 vel
472 1370 661 1407 attonitam
687 1366 733 1405 de
763 1378 870 1404 curru
891 1377 1028 1414 cogere
1058 1366 1198 1405 Lunam

355 1441 402 1478 ln
422 1438 539 1478 Latmi
562 1437 678 1474 filices
698 1435 930 1485 Endymiona
952 1435 1063 1485 sequi.

303 1509 439 1549 Sanato
464 1509 557 1553 iam,
587 1517 692 1552 care,
722 1515 827 1555 potes
853 1506 997 1544 securus
1018 1504 1136 1547 amico

357 1579 507 1618 Fallere
529 1576 707 1616 iucundos
727 1583 765 1614 et
785 1574 945 1613 retinere
968 1574 1060 1613 dies.

299 1651 377 1687 Iam
410 1656 519 1696 potes
539 1647 576 1685 in
599 1643 753 1683 blandae
779 1644 960 1682 recubare
985 1642 1178 1693 crepidine
1201 1645 1368 1696 lymphae

356 1717 419 1758 Ad
438 1726 577 1768 gratum
599 1710 740 1766 placide
766 1724 928 1751 murmur
947 1715 1068 1751 euntis
1092 1725 1220 1764 aquae3

311 1784 420 1830 Lene
439 1796 540 1838 pater
561 1785 754 1835 Zephyrus
773 1792 920 1822 veteres
947 1781 1018 1831 qua
1041 1782 1149 1833 spirat
1171 1795 1337 1833 amoreS,

357 1859 406 1898 Et
425 1865 538 1894 novat
555 1854 677 1893 afflatu
700 1864 857 1902 corpora
879 1852 961 1890 laffa
985 1852 1062 1890 suo.

301 1929 415 1968 Nunc
435 1925 580 1963 somnos
604 1924 706 1960 tenui
736 1923 835 1972 capis
862 1923 1043 1961 invitante
1071 1922 1230 1964 susurro.

354 1992 547 2033 Pisciculis
569 1990 697 2029 dulces
718 2001 816 2028 nunc
835 1989 939 2028 struit
960 1991 1036 2029 esca
1057 1991 1180 2033 dolos.

302 2063 370 2110 Et,
398 2060 599 2113 pellucenti
620 2057 732 2097 mode)
749 2057 967 2096 sollicitatus
988 2059 1034 2096 ab
1052 2071 1181 2109 amne,

404 2130 562 2181 Egelida
585 2128 704 2168 reficis
723 2128 878 2167 membra
899 2137 1037 2169 natator
1059 2131 1165 2179 aqua.
