1527 2807
506 186 820 228 CARMINA.

72 346 201 400 Qualis
225 347 476 386 Gracchorum
502 346 680 394 genitrix,
709 346 907 392 Cornelia,
933 345 1025 384 solas

89 474 93 480 .
125 427 187 462 Illa
208 425 284 466 duo
307 425 452 462 thalami
474 425 627 472 pignora
647 424 769 462 censet
792 435 895 471 opes.

69 500 104 541 T
104 503 219 548 antis.
246 502 380 547 Petre,
406 503 514 540 bonis
537 505 573 547 i,
601 514 678 550 quo
696 510 808 540 vocat
830 500 929 538 insita
949 501 1087 545 virtus,

122 580 211 630 Quo
231 581 305 618 ciet
324 582 359 618 in
381 580 495 619 rutilis
517 580 645 618 Gloria
662 581 766 618 vefta
786 578 890 616 rotis.

70 658 154 696 Nec
176 659 267 704 tibi,
296 658 357 696 sed
379 669 492 697 terrae
510 669 631 695 natum
653 667 688 695 te
711 655 820 694 crede
841 657 1022 702 flamme,

121 735 300 783 celsaque
321 736 391 784 jam
415 738 535 783 Belgis
558 737 705 783 pce-tora
725 733 822 781 finge
843 734 927 771 tuis.

66 812 235 858 Noffln',
262 823 303 851 ut
325 815 488 853 Heroum
507 815 612 852 nullis
632 813 785 852 surrexit
805 813 850 850 ab
869 811 963 849 arvis

120 891 299 953 [Jberion
327 893 445 930 nostra
466 903 574 940 quam
593 892 765 939 regione,
792 890 922 938 seges?

67 967 103 1006 Ο
122 968 188 1006 tibi
209 980 317 1016 quam
339 982 512 1018 cuperem
531 971 673 1008 viciuro
692 970 856 1007 intexere
878 968 1015 1016 peplo,

117 1047 176 1084 De
195 1048 308 1095 patria
327 1049 473 1097 egregie
494 1049 558 1097 qui
578 1059 762 1094 meruere,
791 1047 912 1084 viros!

65 1124 136 1164 Sed
157 1126 282 1172 timet,
310 1127 459 1175 ingenio
481 1139 527 1165 ne
546 1137 706 1176 paupere
725 1123 887 1163 detrahat
907 1121 993 1161 orsss
1006 1150 1019 1169 ,

112 1203 261 1243 Affueta
282 1206 470 1251 imbelles,
500 1204 630 1250 Musa,
656 1214 807 1242 movere
826 1204 935 1251 lyras.

62 1281 122 1320 Tu
141 1294 233 1320 cane
255 1281 442 1334 (materies
462 1284 574 1332 elegis
595 1282 693 1321 haud
711 1281 856 1329 dignior
875 1282 948 1317 ulla
969 1277 1042 1330 est)

114 1361 167 1398 Ut
189 1361 321 1400 lateant
341 1361 447 1399 dotes
461 1389 473 1406 ‚
499 1372 572 1399 neu
593 1358 690 1405 fine,
718 1359 852 1404 petre,
878 1367 975 1395 tuae.

63 1438 218 1475 Currant
237 1438 447 1477 foecundae
464 1438 587 1476 felicia
606 1437 762 1475 carmina
786 1446 924 1479 venae,

110 1515 254 1554 Aonius
277 1517 369 1557 casta
391 1528 485 1565 quae
504 1517 638 1554 chorus
660 1525 745 1552 aure
767 1515 920 1561 probat3

60 1593 254 1639 Carmina,
278 1596 477 1632 multorum
498 1594 588 1632 vivo
610 1592 700 1638 tibi,
730 1591 862 1638 crede,
890 1591 1075 1635 favorem,

109 1668 195 1709 Post
211 1682 364 1710 mortem
383 1683 588 1716 aeternum,
618 1671 747 1716 Petre,
775 1670 900 1708 datura
923 1669 1052 1706 decus.

56 1749 167 1788 Urbis
185 1761 308 1796 amor,
336 1752 506 1797 memini,
533 1750 677 1798 invenis
702 1747 752 1787 fic
776 1748 978 1793 Hoostius‚
999 1746 1117 1784 omnis

107 1827 243 1865 Noluit
268 1828 397 1867 infesto
419 1828 551 1866 cedere
572 1828 704 1876 praeda
725 1838 844 1874 rogo=

56 1905 213 1948 Carmen
234 1917 271 1945 at
292 1908 458 1955 ingenuis
480 1906 583 1954 qnod
609 1907 771 1954 iunxerit
798 1905 958 1950 artibus,
986 1905 1077 1947 altae

109 1983 195 2021 Post
214 1985 357 2023 obitum
379 1985 492 2024 radiat
512 1985 609 2022 stella
631 1995 787 2023 corusca
808 1982 952 2021 domuS.

55 2062 234 2122 Jamque,
263 2063 326 2102 ubi
348 2073 384 2101 te
401 2064 510 2102 rebus
530 2074 627 2102 aetas
650 2062 814 2101 formarit
832 2061 1002 2108 agendis.

111 2141 214 2201 jam,
244 2141 310 2185 tibi
333 2151 518 2189 cantatos,
547 2141 605 2181 fac
628 2141 767 2179 imitere
787 2140 901 2181 viros.

630 2220 713 2270 As
