1527 2807
445 353 821 383 ῬοΕΤΙΕΑῑ.
1131 355 1197 395 141

123 461 225 500 Mox
252 460 349 497 celer
372 458 537 498 admissos
563 461 752 509 Zephyrus
781 458 917 498 senfiffe
944 461 1082 499 calores

175 531 320 569 Dicitur
333 555 359 575 ,-
373 538 409 566 et
435 529 561 577 Paphii
590 533 659 567 tela
686 541 854 577 proterva
883 531 968 569 Dei.

123 601 292 646 Chloris,
321 610 361 638 ut
386 600 532 648 irriguas
558 600 656 637 hunc
685 601 829 638 {lentem
858 603 972 639 cernit
998 601 1044 640 ad
1066 601 1203 649 undas,

176 671 297 719 Luget
326 671 363 708 in
389 671 540 710 innocui
567 671 702 719 spicula
730 670 826 706 miffa
852 671 969 718 jecur.

128 742 164 779 Ο
192 742 326 779 utinam
356 742 460 789 pistis
486 741 592 779 ess'em
621 739 820 778 nitidiffima
848 744 1004 789 pennis,

178 811 306 862 Quae,
333 813 512 850 matutino
539 821 705 860 gutture,
733 823 856 848 vernat
879 813 969 850 avis.

128 882 235 932 Quae
263 883 370 920 toties
398 885 551 921 tremulo
579 884 714 920 mulcet
741 882 987 920 modulamine
1012 883 1154 931 sylvas,

178 953 328 991 Detinet
353 964 462 1001 atque
487 954 672 998 animum,
701 952 785 990 diva
813 953 982 998 Neaera,
1011 963 1129 991 tuum.

87 1024 91 1063 T
126 1022 302 1069 Detinet,
329 1023 504 1062 umbrosis
532 1034 571 1061 ut
602 1024 706 1071 saepe
732 1033 845 1060 errare
873 1023 1017 1061 latebris

180 1093 236 1132 Te
261 1094 387 1140 videt,
417 1104 454 1133 et
480 1094 586 1133 viridi
614 1091 826 1132 decubuisse
853 1103 950 1132 toro.

127 1163 243 1202 Labra
270 1165 490 1203 columbinis
520 1175 613 1212 quae
644 1174 767 1202 tecum
792 1164 949 1202 nexibus
979 1165 1079 1203 ardet

178 1235 359 1287 Iungere,
387 1246 423 1273 et
449 1234 633 1272 ambrosiis
662 1233 755 1272 bafia
784 1233 941 1272 basiolis.

129 1304 237 1343 Haud
261 1306 363 1343 aliter
388 1306 530 1350 dulcis,
557 1304 657 1342 dulci
684 1316 767 1342 cum
796 1317 993 1354 compare,
1022 1306 1133 1354 passer

180 1376 317 1413 Blanda
343 1377 517 1414 Dionaeis
546 1375 700 1412 conserit
727 1386 790 1412 ora
815 1377 949 1414 modis.

129 1446 210 1486 Ah!
239 1448 384 1494 quoties
412 1458 537 1491 caros,
566 1446 714 1493 quoties
742 1447 854 1483 oblita
884 1457 1032 1494 penates

182 1516 346 1562 Diceris,
373 1528 537 1565 argutum
568 1517 653 1553 dum
683 1517 779 1553 canit
807 1517 864 1553 illa
893 1519 1023 1554 melos.

131 1586 181 1623 Et
207 1588 353 1634 quoties
381 1587 497 1626 denfis
523 1586 688 1634 sprevisse
717 1587 877 1634 pericula
905 1586 1037 1634 sylvis,

183 1657 355 1695 Phoebus
382 1668 421 1696 ut
447 1657 624 1705 HesperiO
652 1659 822 1704 mergitur
850 1656 1017 1693 Oceano.

131 1727 168 1765 O
196 1729 329 1766 utinam
358 1728 457 1776 puris
485 1738 583 1765 nunc
612 1726 718 1765 ess'em
745 1737 934 1774 argenteus
961 1726 1091 1772 undis,

182 1797 286 1835 Lene
311 1808 376 1845 per
401 1798 576 1836 anfrastus
603 1798 702 1835 rivus
731 1797 849 1834 euntis
879 1808 1007 1844 aquae.

134 1867 289 1908 Intaftos
316 1869 379 1916 qui
403 1870 507 1917 saepe
538 1880 640 1906 meos
669 1867 756 1906 dum
785 1868 908 1905 lambit
934 1878 1097 1913 amores,

186 1938 233 1976 Se
256 1947 358 1986 putat
388 1939 520 1977 Idaliae
546 1939 704 1976 membra
732 1938 844 1986 rigare
872 1938 986 1975 Deae.

137 2007 222 2045 Nec
246 2019 349 2056 mage
375 2009 610 2058 Gargaphiis‚
637 2008 904 2057 iaculatricisve
932 2009 1092 2055 Dianae,

189 2077 266 2114 Aut
293 2080 467 2118 comitum
493 2079 655 2128 splendet
683 2091 858 2118 marmore
887 2082 1034 2127 paetus,
1061 2079 1181 2126 aq11is.'

139 2148 263 2194 Atque
288 2148 438 2196 iterum,
466 2150 490 2187 ὁ
515 2151 668 2198 Superi,
695 2150 719 2188 ss
749 2150 839 2198 quid
867 2151 1026 2186 mortalia
1043 2149 1187 2197 possunt

192 2218 312 2265 Vota,
337 2230 406 2259 uec
432 2220 580 2258 instabili
609 2220 687 2258 sunt
713 2222 869 2268 peritura
895 2230 1008 2264 noto,

613 2290 635 2326 k
663 2302 682 2328 2
983 2286 989 2291 ’
