1527 2807
377 252 780 284 roz-trent.
1071 246 1128 297 87

29 361 120 405 1³0st
138 355 392 399 conclamatam
414 355 477 403 qui
496 353 599 404 spes,
626 356 689 404 qui
708 357 804 401 vita,
834 354 1005 404 salutem,

85 425 238 466 Civibus
265 421 450 472 adfuiget,
478 423 541 471 qui
566 422 770 467 medicina,
799 422 886 462 suis.

30 494 105 534 Hei
132 492 246 538 mihi,
273 490 372 540 quod
400 490 547 528 nostrae
575 490 727 527 consors
757 491 912 540 Elegeia
930 492 1062 534 Musae

79 561 172 600 Non
201 559 298 610 capit
326 558 483 597 heroum
512 559 653 596 viribus
682 559 769 596 orba
796 560 949 609 pedem!

27 629 171 683 Quanta
190 629 266 667 mei
286 635 523 667 monumenta
541 626 663 665 darem
677 654 689 671 ‚
717 625 791 664 dux
811 639 961 678 magne,
990 629 1133 671 favoris

82 697 190 735 Astra
217 707 287 747 per
317 696 450 734 Afinio
478 694 594 732 lucida
623 702 742 743 raptus
769 697 886 744 equo!

28 763 130 805 Parta
159 766 225 803 tibi
254 765 389 804 tellure
416 774 544 812 parum
571 762 627 801 est
654 762 809 800 victoria
835 763 973 805 laudis:

84 833 301 871 Accumulat
328 833 475 871 dextrae
503 831 661 870 vindicis
690 831 782 869 unda
811 832 938 871 decus.

30 899 121 946 lna,
150 901 220 939 tuis
249 901 358 939 toties
386 901 535 950 proavis
563 900 692 938 molita
718 902 946 952 triumphos,

89 969 205 1006 Nunc
220 979 369 1018 quoque
389 967 595 1007 consuetam
618 969 797 1018 praestitit
816 969 911 1008 unda
930 970 1057 1013 fidem

34 1036 227 1086 Obsequio
253 1046 428 1086 generum
458 1037 597 1088 Tethys
625 1046 662 1076 te
689 1037 854 1076 demeret
880 1041 987 1078 omni

86 1105 281 1148 Pronuba,
310 1105 448 1145 dotales
473 1114 510 1145 et
537 1106 607 1145 tibi
637 1105 766 1145 sternit
791 1117 926 1156 aquas:

34 1173 191 1222 Gurgite
218 1174 290 1223 qua
313 1173 461 1224 profert
489 1174 555 1214 Sol
585 1175 779 1214 matutinus
812 1176 900 1214 Εοὸ
916 1203 928 1222 ,

86 1240 242 1293 ρυέςῑιε
272 1240 458 1281 salutantes
485 1244 687 1295 Hesperon
717 1244 815 1284 abdit
842 1255 975 1296 equom

33 1308 138 1362 Quae
166 1317 242 1348 tam
270 1310 479 1361 conspicuis
506 1314 616 1364 virgo
644 1313 812 1353 socianda
840 1315 1028 1363 tropaeis,

84 1377 161 1427 Spe
188 1377 291 1417 ducis
319 1380 467 1419 occulta
495 1391 572 1420 non
601 1381 693 1420 velit
720 1382 793 1421 esse
822 1383 927 1422 mei?

33 1443 144 1485 Salve
166 1445 324 1496 auspex,
352 1446 447 1487 salve
468 1448 618 1490 affertor
639 1451 876 1490 memorande
894 1451 1020 1490 Batavi

90 1514 291 1561 Nominis,
323 1517 465 1566 ingenti
493 1521 646 1568 cognite
672 1520 790 1567 major
819 1530 904 1557 avo.

38 1581 268 1631 obtigerunt
288 1583 412 1622 hostes
437 1587 503 1626 tibi
527 1596 725 1638 quattuor,
755 1588 887 1627 unicus
912 1588 992 1626 illi:

95 1650 208 1704 Quod
228 1662 328 1690 mors
348 1652 434 1691 huic
456 1656 612 1703 tulerat,
633 1655 706 1696 fert
725 1657 793 1695 tibi
811 1657 886 1694 vita
904 1655 1032 1695 decus.

38 1719 149 1759 Hunc
178 1721 270 1760 lenti
298 1723 442 1762 trivere
470 1723 594 1766 senem
624 1725 813 1764 luctamina
843 1724 964 1764 belli:

95 1789 223 1829 Aestas
245 1802 358 1832 omne
387 1794 456 1833 tibi
484 1796 601 1845 prima
628 1794 775 1845 peregit
803 1806 911 1846 opus.

41 1856 204 1898 Fortiter
225 1859 326 1898 hunc
347 1863 488 1912 coeptis
508 1864 585 1902 sors
606 1863 749 1902 abstulit
770 1863 895 1902 invida
916 1864 1052 1904 rebus:

99 1927 247 1966 Grande
275 1927 519 1970 rudimentum
547 1933 661 1982 patria
692 1932 785 1971 salva
814 1933 885 1971 tibi
913 1933 981 1972 est.

46 1993 160 2045 Spem
186 1993 314 2036 festina
341 1997 430 2036 salus
456 1998 653 2050 praevenit
679 2013 797 2050 paene
825 2010 1054 2052 metumque,

102 2062 282 2103 Vulneris
300 2074 338 2106 et
355 2067 494 2107 sensum
512 2077 656 2121 promta
677 2069 819 2109 medela
845 2069 915 2115 sui;
