1527 2807
298 174 345 221 43
654 171 1092 206 υκιῐεῐΔε

296 258 434 319 indit,
455 280 500 312 ut
518 271 612 310 haec
633 270 741 310 sancti
762 270 834 310 sint
852 271 950 318 jussa
976 265 1142 306 verenda
1161 258 1335 309 senatus!

354 343 447 381 Non
476 340 562 379 fluit
583 352 603 378 a
623 349 729 379 tanto
750 338 812 377 lex
835 323 930 377 male
952 338 1022 375 lata
1047 334 1146 372 foro.

297 411 412 454 Abfit
429 441 441 458 ,
463 421 504 449 ut
523 409 587 448 ille
610 407 723 446 fidem
753 405 896 445 miseris
920 404 1173 443 nebulonibus
1195 403 1309 444 uliam

353 480 563 530 Praebeat,
593 486 655 516 aut
678 475 777 524 vulgi
798 477 1023 526 comprobet
1046 474 1122 511 aaa
1143 468 1265 514 levis!

296 549 408 591 Talia
430 548 625 587 mendicus
648 546 759 584 latret
782 545 952 583 convicia
971 543 1100 588 miles,

354 617 495 656 Militis
522 616 584 654 hic
606 615 716 655 titulo
734 614 762 652 fi
783 614 897 653 modo
921 613 1052 662 dignus
1074 619 1152 652 eat.

299 688 412 728 Talia
434 686 612 738 plebeJae
637 685 708 724 fint
729 685 867 723 somnia
891 692 986 719 vana
1009 689 1184 718 catervae
1200 707 1214 727 ,

352 758 534 806 Dumque
551 754 671 794 colum
698 753 843 798 versat,
868 749 1012 800 garrula
1034 757 1161 788 narret
1181 758 1289 788 anus,

298 827 506 866 Maecenas
520 826 628 873 aequi
646 823 794 874 praeses
809 851 819 867 ,
845 822 1022 859 Ruckere
1039 849 1049 866 ,
1072 816 1243 860 senatus!

352 896 479 948 Quem
504 894 603 932 fovit
624 892 780 944 proprio
805 888 959 929 candida
984 891 1086 928 Diva
1106 888 1204 934 finu3

295 966 380 1006 Vos
402 973 556 1014 quoque
571 991 582 1007 ‚
611 961 696 1010 quis
714 961 847 1000 Batavi
869 957 1064 996 commissa
1089 966 1150 994 est
1167 967 1257 996 cura
1280 955 1431 1007 Lycen

354 1034 484 1072 Aurea
508 1027 675 1070 Palladio
698 1029 848 1078 pestora
870 1038 953 1064 cara
973 1026 1087 1063 choro
1105 1030 1117 1067 ε
1484 1021 1485 1024 ’

297 1100 501 1143 Infandum
519 1101 651 1152 punite
673 1097 779 1136 nefas
793 1107 807 1136 t
839 1105 878 1134 et
899 1094 999 1133 ferte
1023 1094 1227 1132 Minervae
1241 1122 1253 1139 ‚

357 1171 460 1210 Dum
485 1171 677 1219 queritur,
700 1166 858 1205 subitam
887 1160 1085 1214 (namque
1111 1158 1309 1213 potestis)
1332 1171 1462 1212 opem.
1483 1146 1487 1195 ζ

297 1238 378 1277 Ista
402 1249 470 1288 per
493 1236 656 1275 exanimi
679 1245 805 1273 manes
827 1240 998 1282 optamus
1028 1241 1067 1269 et
1082 1230 1277 1271 umbram!

359 1309 426 1345 Ne
444 1305 541 1343 defit
567 1305 685 1342 cineri
707 1312 855 1352 paxque
880 1300 1065 1350 quiesque
1093 1298 1172 1340 suo,

295 1374 377 1413 Ista
395 1372 550 1423 quidem
569 1371 742 1423 lacrymis
763 1370 927 1419 genitrix
951 1368 1154 1418 exposcit,
1185 1364 1375 1406 ademtum

355 1444 468 1497 Quae
493 1450 620 1480 natum
645 1440 759 1492 passis
782 1439 926 1488 fletque
947 1439 1139 1493 gemitque
1162 1434 1296 1474 comis.

297 1512 382 1551 Vos
406 1520 559 1561 quoque
578 1510 779 1554 defuneto,
813 1506 999 1545 carissima
1020 1505 1149 1551 turba,
1181 1500 1297 1541 sodali

359 1578 510 1617 Consue
538 1578 706 1617 lethiferi
731 1586 838 1615 taxea
864 1573 963 1611 serta
981 1573 1074 1621 jugi.

297 1646 438 1691 Ferte,
470 1645 603 1692 decet,
635 1644 813 1689 frondes,
848 1652 887 1681 et
910 1642 1023 1680 amari
1050 1640 1207 1690 infignia
1233 1640 1377 1689 Iustus,

352 1714 496 1754 Infelix
516 1714 657 1754 tumulo
678 1724 765 1762 quas
786 1711 991 1762 cyparissus
1017 1709 1098 1750 alit.

298 1780 431 1826 Ducat
452 1786 489 1822 in
517 1783 648 1835 Elysiis
676 1781 724 1818 fic
743 1784 821 1817 otia
839 1789 942 1827 grata
961 1779 1115 1819 viretis!

351 1853 475 1903 Inque
505 1854 644 1891 cubent
664 1850 789 1901 patrio
812 1848 977 1887 molliter
1001 1848 1083 1887 ossa
1103 1848 1206 1891 solo!

789 1928 893 1968 μυ.
927 1929 1047 1966 vm,
1068 1928 1246 1960 AALsT
1292 1929 1324 1968 χ.
1357 1928 1398 1959 v.
1427 1918 1486 1970 §.J

299 1999 421 2040 17⁵7·
