1527 2807
419 303 441 332 Ρ
469 304 496 334 0
525 303 548 333 E
578 304 608 332 T
637 306 652 333 1
680 305 703 333 C
731 305 757 333 A
783 302 825 333 1.
1094 301 1169 334 101

73 405 171 464 Quid
205 417 324 453 mare,
353 403 441 455 quid
461 403 592 450 tellus,
624 404 760 454 quidve
778 403 833 442 his
855 402 1091 446 circumfluus
1111 405 1174 448 a&

129 479 285 526 Gignat‚
317 485 431 512 curve
456 473 550 521 ignis
571 472 696 510 cuneta
717 473 875 512 resolvat
896 473 1005 516 edaX.

61 528 240 584 *Immenfi
258 542 395 580 molem
415 551 504 590 quae
523 540 580 578 vis
606 548 848 588 contorqueat
866 544 962 590 axis,

125 614 277 665 Quaque
298 610 392 648 suam
412 616 586 658 peragant
608 607 721 646 fidera
743 608 823 657 lege
844 611 954 649 viam.

73 680 134 720 An
161 679 268 718 tellus
289 677 414 716 medio
437 678 565 716 librata
587 676 763 716 resederit
780 688 846 718 axe
860 708 871 725 ‚

128 749 204 787 Aut
233 754 331 785 erret
352 746 440 784 torti
462 747 617 784 turbinis
638 746 710 784 aeta
732 746 855 785 modo,

75 819 150 856 Cur
172 815 271 854 serus
290 813 465 852 horribili
488 813 710 863 splendescat
731 813 871 854 lumine
893 815 1069 862 Mavors,

127 883 350 932 Tranquillo
372 890 408 919 et
428 879 591 931 placidus
612 881 756 932 Jupiter
782 883 869 932 igne
889 884 1012 922 micet.

74 954 199 994 Aurea
221 963 289 990 nec
315 950 440 989 deerat
458 948 584 987 douae
603 948 771 988 facundia
793 951 963 1000 linguae,

128 1021 345 1068 Argutoque
367 1017 484 1056 fluens
506 1018 645 1065 gratior
667 1029 734 1056 ore
756 1018 878 1068 lepor.

74 1087 181 1125 Illum
205 1086 392 1132 Pierides,
423 1085 525 1126 illum
545 1085 676 1126 dilexit
697 1087 867 1137 Apollo,

131 1156 177 1195 Et
200 1154 298 1194 fovit
318 1156 426 1194 molli
449 1155 566 1194 Pallas
584 1156 694 1194 amica
717 1155 818 1203 finu;

77 1226 247 1263 Carmina
268 1224 452 1262 Threicio
473 1233 619 1263 caneret
639 1237 714 1275 quo
736 1226 900 1266 blandius
922 1228 1107 1281 Orpheo,

131 1293 177 1331 Et
198 1293 358 1330 traheret
377 1291 478 1329 dulci
502 1293 584 1331 saxa
603 1291 772 1342 ferasque
792 1294 898 1334 sono,

75 1359 161 1402 Nec
179 1370 297 1400 tamen
321 1360 478 1398 immites
497 1361 618 1411 potuit
639 1362 762 1401 lenire
783 1363 932 1403 sorores
949 1394 962 1411 ,

137 1431 239 1483 Quin
262 1436 449 1480 premeret
469 1429 639 1468 miserum
661 1442 761 1470 mors
783 1431 950 1470 violenta
969 1440 1089 1483 caput.

81 1497 254 1538 ludneros
277 1497 478 1547 doctosque
498 1499 592 1550 rapit
613 1500 669 1538 vis
690 1500 861 1550 improba
879 1500 992 1539 Lethi

134 1566 307 1612 Scilicet,
339 1575 376 1605 et
394 1567 510 1605 nullas
530 1567 644 1606 nestit
665 1570 792 1607 acerba
812 1579 947 1606 moras,

81 1634 155 1676 Sed
176 1645 293 1674 tamen
314 1635 356 1674 ad
377 1635 522 1686 superas
544 1636 656 1676 evafit
675 1637 811 1676 Rillius
831 1648 958 1683 arces,

137 1703 307 1743 Immenfi
328 1702 422 1742 felix
441 1712 478 1742 et
496 1703 598 1743 videt
616 1717 682 1743 ora
702 1705 783 1750 dei;

82 1772 133 1812 At
160 1773 248 1811 mihi
270 1773 445 1821 lugubres
465 1772 578 1811 metus
601 1772 853 1823 lacrymaeque
873 1773 1084 1823 supersunt,

138 1841 255 1894 Queis
277 1841 385 1880 miser
405 1849 594 1881 aeternum
615 1843 730 1881 tristia
750 1842 819 1882 fata
841 1839 961 1883 fleam.

516 1997 772 2037 Joszrnvs
812 1997 1124 2026 AVERAxtva
