1527 2807
447 290 944 342 nzx'olcx
1150 308 1223 346 153

139 411 200 455 Ad
217 418 362 462 myrteta
385 409 551 448 sedebat:
584 411 636 448 ibi
661 410 750 448 haec
769 409 919 459 suspiria
948 407 1044 446 solus

139 480 326 521 fiuctibus
348 490 386 520 et
406 478 518 518 surdis
541 476 673 518 frustra
695 479 848 518 dictabat
866 477 999 516 arenis.

521 629 869 658 DAPHNIS·

136 760 297 799 Immitis
327 759 526 807 Melitusa,
553 759 634 807 quis
663 757 718 796 est
743 768 824 795 nam
852 755 1011 804 denique
1043 756 1144 794 indus

114 829 248 867 ‘Mors
279 839 380 874 mea,
409 837 447 865 nt
474 827 606 866 averso
633 828 800 875 gemines
829 824 1005 864 incendia
1032 823 1163 862 vultu?

138 897 270 935 Tertia
291 896 466 936 flaventes
494 898 638 946 gremio
669 897 738 934 iam
769 893 872 932 trivit
897 894 1017 931 aristas

114 977 115 980 ¹
137 965 259 1010 Area,
289 973 347 1004 ter
374 967 465 1005 seras
493 966 614 1016 posuit
642 964 829 1003 vindemia
851 961 1027 1008 frondes,

138 1032 443 1083 'serpentemque
474 1036 640 1085 hyemem
669 1033 781 1071 toties
811 1031 961 1071 excuffit
989 1039 1131 1081 arator,

133 1099 185 1138 Vt
210 1109 292 1139 tuus
321 1104 405 1142 exul
436 1116 538 1154 agor.
595 1103 727 1143 Testes
746 1100 813 1139 fint
834 1099 972 1140 Scaldis
1000 1109 1036 1139 et
1064 1101 1119 1139 Aa
1138 1129 1150 1147 ‚

134 1170 323 1218 Sequana,
354 1182 392 1211 tu
412 1173 536 1217 testis,
565 1184 709 1214 teneras
740 1182 832 1220 quae
863 1170 1004 1208 flamma
1035 1169 1219 1208 medullas

134 1235 332 1286 Hauserit,
359 1242 398 1280 et
431 1253 567 1290 quanto
598 1244 779 1293 flagrarim
808 1239 920 1279 corda
949 1238 1099 1277 dolore.

135 1307 344 1345 oenotrios
375 1311 520 1351 tandem
552 1311 632 1351 fessi
662 1313 920 1363 prospeximus
949 1318 1095 1346 amnes:

133 1374 233 1412 Hei!
262 1375 350 1413 mihi
375 1389 478 1427 quam
500 1390 581 1419 toto
604 1391 681 1418 nox
704 1391 774 1417 una
796 1379 859 1418 hic
879 1377 1017 1416 tardior
1038 1376 1221 1416 annoest!

191 1443 326 1492 Aspice
356 1457 414 1484 me
442 1455 601 1494 tantum,
632 1447 892 1497 (praestabunt
920 1454 1062 1485 caetera
1082 1442 1231 1493 Fauni)

134 1512 271 1562 Aspice
289 1525 348 1552 me
362 1544 373 1562 ‚
399 1515 600 1562 Melitusa3
629 1515 724 1554 haud
744 1515 889 1565 possum
910 1515 1016 1554 nolle
1040 1523 1252 1566 negantem.

134 1581 264 1620 Vlmus
294 1593 411 1634 amat,
443 1585 546 1623 socio
575 1587 707 1636 patitur
736 1585 774 1623 se
801 1585 953 1634 palmite
979 1586 1110 1634 cingi5

134 1651 275 1690 Palmes
307 1662 422 1700 amat,
453 1655 574 1694 sociae
603 1656 745 1707 patiens
772 1654 972 1703 accingitur
1001 1654 1125 1693 ulmo:

134 1721 210 1758 Cur
239 1732 340 1760 amor
370 1723 436 1761 ille
464 1726 582 1773 perit!
616 1725 777 1764 nostram
807 1723 954 1762 laudare
981 1721 1122 1760 solebas

129 1790 231 1828 Ante
262 1791 346 1829 alias
375 1792 506 1830 musam
537 1804 706 1842 quoque3
750 1805 847 1831 nunc
875 1801 916 1830 tu
945 1792 1104 1830 carmina
1133 1802 1256 1839 curas,

134 1859 317 1910 Quantum
348 1869 450 1899 torva
479 1861 558 1911 lupi
585 1863 741 1912 gemitus
763 1863 889 1911 tigris,
918 1869 978 1898 aut
1002 1859 1110 1908 iupus
1129 1871 1255 1909 agnae.

164 1921 167 1925 ’
187 1927 237 1965 At
257 1939 334 1966 non
357 1937 395 1968 et
418 1930 558 1968 Meroe:
582 1929 682 1969 docti
713 1943 770 1970 me
799 1941 922 1981 nuper
949 1929 1126 1978 Amyclae

132 1995 226 2033 Filia
255 1996 440 2046 despexit3
468 2011 546 2039 non
576 1999 706 2040 divitis
736 1999 875 2037 Antbia
905 1997 1006 2037 Taili

135 2065 316 2116 Quamvis
335 2067 435 2114 nigra
455 2068 604 2117 peplum
617 2099 628 2119 ‚
642 2071 806 2119 quamvis
819 2066 920 2107 foret
939 2068 1023 2106 albav
1034 2067 1250 2106 cothurnos.

133 2133 181 2172 Et
200 2131 293 2187 fuit,
312 2133 403 2179 baec
431 2144 469 2176 ut
489 2147 548 2176 me
578 2136 689 2187 (quis
716 2135 901 2189 credat?)
931 2137 1060 2189 sponte
1079 2145 1253 2184 vocaret,

689 2207 749 2252 15
