1527 2807
285 306 367 354 446
512 305 1110 340 ιιισιΑοΔ.

283 412 384 466 Quid
413 409 514 450 nos?
540 408 626 460 quis
657 406 815 448 summae
843 407 925 449 sunt
953 409 1048 448 sacra
1067 407 1219 460 poetica
1239 413 1379 459 curaej

335 483 440 534 Quos
468 479 566 517 idem
595 477 732 516 dudum
763 479 994 518 consociavit
1022 491 1138 519 amor.

281 551 373 590 Non
405 550 494 588 licet
519 548 749 589 accumulare
777 549 935 588 corollis
967 550 1072 590 busta
1103 552 1307 599 Maronis,

334 615 431 658 Nam
461 618 575 657 Rotta
604 618 764 657 nimium
795 618 942 658 diffidet
969 618 1034 658 ille
1067 620 1198 666 locus;

280 692 329 734 Et
357 690 452 728 duce
479 700 561 728 cum
592 690 696 739 turpi
727 688 876 727 detruso
906 688 1025 728 milite
1056 688 1162 728 Celta

337 761 536 800 Caesareae
566 759 715 799 vixdum
745 758 914 797 redditus
943 760 999 798 est
1028 758 1171 798 domui.

284 833 359 874 Sed
387 834 528 882 pleno,
554 839 592 870 ut
620 826 792 876 meruit‚‘
809 829 1015 869 laudabitur
1043 841 1111 867 ore
1141 828 1281 879 poeta3

338 903 408 942 Cui
439 913 508 953 par
537 901 688 940 Musaea
714 901 836 939 nullus
867 901 904 938 in
935 908 1012 939 arte
1042 897 1175 938 datur:

284 972 456 1027 Qualiter
487 972 658 1021 inspirata
687 969 769 1007 aliis
798 970 952 1008 anteisse
982 975 1133 1020 putatur

337 1041 493 1081 Fatidici
518 1043 658 1080 Manto
687 1039 763 1078 filia
794 1039 988 1085 Tireflae;

286 1112 452 1167 Quando
483 1110 724 1151 Thebaidum
755 1112 886 1158 magna
917 1110 1073 1159 stipante
1103 1108 1249 1150 caterva

335 1183 411 1222 Aut
439 1181 542 1228 hoc,
573 1190 634 1219 aut
663 1181 798 1226 fimili,
830 1181 996 1219 solveret
1025 1193 1091 1219 ora
1122 1181 1243 1219 sono:

285 1250 343 1290 En
369 1251 481 1297 deus,
510 1263 557 1291 en
580 1251 699 1294 deus,
733 1262 794 1288 en.
824 1250 1076 1295 Cadmeides,
1106 1253 1322 1292 auscultata

339 1322 398 1359 En
427 1320 535 1365 deus,
566 1332 614 1359 en
636 1320 723 1358 deus
741 1345 752 1364 ,
783 1331 847 1360 en.
878 1320 1019 1360 Abdita
1051 1321 1122 1359 fata
1151 1334 1292 1361 canam.

288 1390 453 1439 Tempus
485 1387 579 1435 erit.
613 1390 753 1429 Tuscus
776 1389 825 1429 de
847 1401 906 1429 me
935 1388 1013 1438 quo
1034 1399 1214 1440 procreet
1236 1392 1388 1432 Ocnum

341 1461 494 1504 Amnis,
525 1469 561 1499 et
584 1460 781 1508 Hesperiis
813 1471 895 1497 cara
928 1458 1023 1498 ferar
1051 1462 1218 1512 populis.

286 1528 495 1577 Progenies
527 1532 618 1568 haec
651 1531 774 1568 nostra
803 1531 885 1568 urbi
909 1543 1007 1569 nova
1032 1533 1181 1571 moenia
1206 1540 1349 1582 certae,

342 1597 399 1635 Ac
428 1609 564 1636 nomen
594 1600 718 1639 matris
748 1606 893 1649 tempus
927 1600 964 1638 in
993 1613 1133 1650 omne,
1165 1602 1282 1646 dabit.

287 1666 381 1704 Inde
412 1668 631 1706 Latinorum
661 1669 723 1707 iux
750 1670 1017 1720 fuigentisfima‘
1044 1681 1168 1712 vatum

345 1735 406 1775 Ad
437 1738 562 1777 Minci
594 1739 757 1787 placidas
786 1740 980 1780 exorietur
1012 1750 1145 1789 aquas,-

291 1804 432 1846 Mollia
462 1808 527 1856 qui
558 1817 696 1846 tenero
730 1807 889 1848 deducet
920 1813 1083 1849 carmina
1116 1808 1245 1857 versu,

346 1875 395 1912 Et
427 1882 533 1911 canet
567 1875 695 1913 herois
731 1889 827 1916 arma
856 1879 1055 1928 virumque
1087 1872 1243 1921 modis(

290 1946 439 1985 Celsum
472 1944 616 1983 sidereo
644 1954 751 1994 caput
772 1945 911 1984 inferet
933 1947 1040 1985 ardua
1060 1949 1172 1988 coeio

347 2017 505 2052 Mantua
525 2045 534 2061 ‚
565 2027 641 2053 non
677 2018 761 2055 unis
796 2017 955 2055 Mantua
987 2017 1095 2057 dives
1125 2020 1216 2058 avis.

289 2083 451 2131 Virgine
481 2085 529 2123 sic
558 2084 653 2130 fata,
684 2082 851 2135 plausere
883 2088 1088 2127 Ismenides
1120 2089 1263 2137 undae,

345 2155 534 2195 Thebano
565 2165 602 2195 et
624 2156 776 2205 longum
796 2166 958 2196 murmur
981 2158 1019 2196 in
1050 2170 1118 2197 ore
1145 2161 1229 2199 fuit.
