1527 2807
565 271 1141 304 therncA

281 369 406 419 Exigit
427 370 500 409 hoc
521 371 673 420 spectata
696 371 806 419 fides,
836 372 910 411 hoc
934 370 1084 410 candida
1110 373 1251 420 virtus,

307 457 311 465 2
341 441 512 479 Consulis
532 441 607 479 hoc
627 443 809 491 probitas,
840 453 930 491 quae
949 442 1018 479 tibi
1039 450 1145 487 nota,
1174 444 1241 481 tui.

279 507 353 549 1110
376 512 503 549 urbem
532 512 686 550 adseruit
709 512 838 557 toties,
871 511 936 548 ille
958 510 1096 550 adseret
1120 513 1250 550 urbem

335 580 495 630 Rursus,
525 589 564 620 ut
585 582 622 620 in
647 583 747 620 cives
769 579 958 636 commoda
993 579 1088 628 larga
1113 580 1238 618 fiuant.

278 647 427 686 Publica
447 660 528 689 nam
550 653 668 702 privis
691 661 925 701 praeponere
947 661 1052 688 more
1072 651 1210 688 Batavo

330 719 473 767 Novit,
506 724 542 759 e‘t
561 721 715 770 ingenio
735 719 964 768 consinoque
984 718 1096 757 valet.

278 786 432 828 Interea
452 790 490 828 in
511 789 609 838 leges
632 790 715 828 dum
739 791 853 835 iurat,
886 797 923 827 et
941 790 1078 838 optima
1101 801 1170 840 pro
1193 795 1232 828 te

333 861 430 899 Vota
455 867 557 909 pater
577 859 717 907 patriae
741 867 924 909 nuncupat
949 871 1017 898 ore
1037 861 1126 909 pio;

276 928 423 968 Fronde
442 936 633 968 coronatas
653 936 771 967 taurus
796 927 942 966 ducatur
962 928 1005 965 ad
1027 939 1102 966 aras
1118 955 1130 976 ,

330 1000 408 1052 Qui
429 998 557 1048 tepido
582 997 780 1048 adspersam
803 998 974 1048 sanguine
991 997 1137 1047 plangat
1155 998 1322 1038 humum.

278 1068 328 1108 At
352 1077 411 1116 tu,
443 1068 571 1107 noster
592 1079 694 1106 amor
709 1098 720 1114 ‚
749 1069 858 1108 saci-is
877 1079 965 1106 mox
988 1069 1058 1106 rite
1078 1066 1254 1116 peraffls,

328 1138 463 1177 Blanda
482 1138 596 1177 Erato
610 1167 620 1183 ,
651 1140 765 1178 nivea
787 1137 1048 1188 conspicienda
1065 1137 1158 1174 stoia
1171 1164 1182 1181 ,

275 1209 401 1262 Quum
423 1207 569 1257 populo
597 1206 710 1245 festos
734 1215 880 1257 repetet
897 1208 1093 1245 comitante
1116 1214 1271 1257 penates

330 1277 536 1323 Dedeiius,
567 1277 722 1326 populi,
752 1288 859 1325 quem
881 1277 999 1325 regit,
1029 1277 1150 1314 omnis
1173 1275 1324 1320 h0120r;

274 1348 318 1394 1,
347 1345 498 1395 sequere
516 1375 526 1392 ‚
557 1355 594 1384 et
613 1347 752 1396 pompa
773 1345 829 1384 fac
851 1346 1052 1384 inveniaris
1075 1346 1112 1384 in
1134 1344 1222 1384 illa:

296 1420 300 1425 '
327 1415 420 1454 Non
443 1415 549 1465 pedis
573 1416 636 1454 hic
663 1417 819 1463 vitIum,
848 1414 973 1453 clauda
996 1414 1194 1460 decenter,
1224 1414 1340 1452 obest.

277 1487 318 1531 1,
351 1485 527 1534 sequere,
556 1484 718 1534 augustas
742 1483 966 1533 ingressaque
989 1484 1164 1525 Consulis
1188 1482 1295 1523 aedes

331 1554 436 1591 Haec
462 1555 672 1593 Maecenati
697 1555 796 1594 t-rade
819 1552 975 1603 legenda
994 1564 1093 1592 meo,

275 1623 375 1675 Quid
394 1623 562 1662 dubitas?
591 1636 669 1663 non
692 1625 757 1662 ille
778 1632 858 1662 tuae
884 1623 1079 1662 molimina
1100 1633 1207 1662 curae

330 1692 502 1742 Excipiet
522 1694 654 1732 tetrica
676 1695 895 1743 reiicietque
917 1703 1038 1730 manu.

276 1761 424 1811 Nempe
449 1762 579 1808 aliter,
609 1774 712 1813 quam
733 1774 829 1801 nunc
861 1770 917 1801 tot
938 1762 1133 1800 nobilitate
1156 1761 1325 1812 superbi,

333 1829 407 1869 Sed
433 1831 562 1880 quibus
585 1843 602 1869 a
625 1832 776 1882 proavis
800 1832 906 1869 unica
935 1830 1029 1869 fama
1048 1833 1175 1876 venit,

280 1900 481 1945 Dedelius‚
511 1900 666 1939 meliore
689 1901 769 1938 luto
788 1901 848 1937 cui
871 1901 1021 1950 pestora
1042 1900 1155 1937 Titan

330 1969 538 2016 Formam,
568 1970 717 2019 proavis
741 1969 856 2007 clarus
880 1979 916 2008 et
939 1969 1041 2018 ipse,
1072 1969 1175 2017 sapit.

279 2038 370 2077 Non
392 2039 502 2090 pudet
521 2039 639 2084 hunc,
669 2039 816 2077 Phoebi
837 2039 1006 2090 mysteria
1041 2037 1150 2076 docta
1175 2039 1378 2085 colentem,

335 2107 485 2151 Nomen
507 2107 734 2160 Apollineos
758 2110 856 2150 inter
880 2110 1016 2149 habere
1047 2108 1169 2148 visos.
