1527 2807
387 322 758 356 Ροετιειιε.
1068 319 1139 365 135

70 437 104 475 Ο
129 438 268 484 placeat
293 435 357 472 tibi
383 434 501 472 noster
527 446 632 482 agen
661 445 729 470 nec
760 430 866 470 crede
895 433 1009 470 mariti

68 506 274 544 Blanditiis:
303 505 418 542 insunt
440 505 580 553 spinae:
609 515 729 551 neque
753 503 903 540 fascinet
927 513 1087 551 unquam

67 575 122 614 Te
147 586 252 620 tuus,
281 584 340 611 aut
363 585 471 623 cogat
499 574 638 611 timidas
670 573 781 610 odisse
805 576 956 620 puellas.

67 646 246 693 Incipiant
271 645 446 692 juvenes,
473 644 541 691 jam
571 643 788 691 respondere
817 646 971 689 puellae.

117 716 252 753 Audiat
282 715 370 752 haec
401 714 535 752 Horsus
552 741 563 759 ,
589 714 684 751 duce
708 724 783 759 quo
809 724 894 759 gens
910 712 1016 750 Frifia
1029 712 1143 750 fertur

68 787 271 823 Saxonibns
297 784 459 832 permista
488 795 592 831 agros
619 781 768 820 tenuiss'e
796 782 1011 822 Britannos:

67 855 201 892 Audiat
230 854 446 902 Hengistus‚
476 854 585 901 regali
610 853 646 889 in
672 852 750 900 jura
775 854 888 889 mariti

67 923 209 962 Frifiaci
234 924 368 962 venisse
397 926 524 962 iterum
552 923 598 961 de
624 923 728 971 stirpe
757 923 984 960 Britannam:

68 994 229 1038 Audiat,
258 1004 294 1031 et
322 995 456 1040 magnis
483 994 518 1031 se
544 992 672 1031 celfior
700 992 828 1030 inferat
857 993 1020 1038 umbris,

68 1065 255 1102 Promittat
281 1065 478 1112 generique
502 1063 615 1102 decus
640 1065 814 1112 gentique
840 1073 1018 1110 nepotes,

63 1133 171 1172 Frifla
195 1137 277 1182 quis
302 1134 467 1182 plaudat,
496 1135 643 1182 cupiant
669 1133 786 1171 ridere
813 1134 986 1171 Britanni.

64 1205 246 1243 Dixerunt
269 1205 443 1253 juveneS,
471 1216 540 1242 vos
569 1205 785 1253 respondete
815 1206 970 1252 puellae.

118 1275 276 1313 Naffavii
304 1285 499 1323 proceres,
527 1275 648 1312 illustri
676 1284 712 1312 et
738 1275 843 1322 stirpe
870 1275 1010 1313 Leonis

64 1346 272 1392 Progenid,
301 1356 456 1392 quorum
484 1346 608 1383 vultus
636 1355 672 1382 et
701 1345 795 1392 gesta
826 1345 1013 1382 Menalcas

66 1415 232 1453 Ostendit
256 1415 384 1460 nobis,
412 1414 600 1462 dixitque,
630 1427 654 1453 o
681 1416 853 1463 sanguine
876 1418 997 1464 plures

69 1486 288 1524 Proveniant
315 1486 456 1523 vestro!
485 1485 545 1523 sed
573 1496 611 1523 tu
639 1485 818 1523 castiffima
844 1487 972 1524 nostris

65 1555 195 1606 Junfta
222 1556 342 1593 choris
370 1566 524 1593 maneas.
542 1558 695 1594 comites
717 1568 803 1595 num
824 1558 1004 1595 fallimur?
1031 1567 1144 1603 ecce,

68 1625 128 1662 Ah
156 1626 306 1664 nimium
331 1626 448 1663 facilis
472 1636 706 1673 veteremque
731 1627 842 1664 oblita
867 1627 1072 1675 pudorem,

70 1697 154 1734 'Nos
178 1696 293 1743 fugit,
320 1705 357 1732 et
382 1695 505 1742 juveni
535 1697 705 1734 blandum
731 1697 886 1735 subridet
913 1697 1055 1734 amanti.

71 1765 249 1814 Incipiant
277 1766 450 1813 iuvenes,
475 1766 546 1814 jam
575 1766 789 1814 respondere
814 1769 969 1815 puellae.

119 1834 275 1872 Nascere
299 1846 408 1882 parve
435 1847 548 1885 puer,
577 1837 707 1875 tabulis
734 1838 795 1875 cui
824 1848 909 1875 vota
935 1838 1096 1876 Britanni

70 1905 147 1956 Jam
173 1903 333 1953 signant,
362 1917 570 1954 aequesque
598 1917 728 1954 petunt
754 1917 794 1944 ut
823 1907 913 1944 fasta
939 1908 1101 1956 Georgi;

70 1974 252 2020 Nascere,
277 1975 418 2014 Friflaci
447 1988 555 2024 quem
584 1989 715 2025 magno
740 1977 886 2016 Frisone
912 1978 1050 2026 sperant

72 2044 124 2081 Et
144 2040 270 2092 patre,
295 2043 321 2082 fi
351 2047 402 2085 sas
429 2048 502 2092 est,
529 2049 617 2085 olim
645 2058 840 2085 memorare
866 2047 1035 2095 priorem.

72 2110 129 2150 Te
155 2113 250 2152 duce
275 2115 364 2153 viset
388 2128 492 2165 agros
520 2119 661 2166 repleto
691 2119 812 2166 Copia
840 2129 977 2163 cornu,

74 2180 126 2221 Et
150 2183 270 2232 fruges
297 2183 370 2224 line
397 2185 469 2226 fine
498 2188 608 2226 seret:
636 2199 890 2236 quaecumque
912 2188 1121 2232 manebant,
