1527 2807
356 317 951 368 ιιιεπιιςςζ
1110 323 1197 373 54:53

77 428 170 474 Cum
199 428 413 470 Traiectini
442 434 616 477 gererent
647 425 839 476 flagrantia
866 425 1000 476 mystae

77 502 91 517 ⁵
128 502 307 550 Proelia,
336 497 492 538 sacrifici
520 495 773 546 belligerique
803 493 920 534 fimul.

79 566 240 609 Scilicet
268 569 409 608 insonti
437 566 566 606 nocuit
597 565 744 616 quoque
774 565 886 615 culpa
919 561 1119 601 malorum!

139 640 227 678 Hoc
255 647 408 687 neque,
435 637 533 686 pacis
564 641 708 687 amnns3
734 635 891 674 fulmine
928 631 1025 670 liber
1056 634 1157 672 eras!

77 710 129 749 At
155 718 192 748 te
221 708 268 746 de
298 705 448 756 placido
477 706 640 757 respexit
663 717 802 746 numen
823 704 1014 753 Olympo,

135 778 371 826 Aeternrque
400 784 478 813 tuas
508 783 599 825 pace
621 775 747 813 beavit
776 775 914 822 aquas:

83 849 147 889 sic
178 848 249 887 tibi
277 844 486 884 coelicolae
515 843 665 883 faveant
703 852 888 893 utcunque
916 842 1099 891 benigni,

135 919 200 957 Ne
229 916 340 954 bellis
383 916 519 954 iterum
549 914 768 954 dimoveare
797 911 909 951 feris!

85 989 106 1027 1
135 987 183 1025 fic
210 985 398 1036 perpetua
428 986 604 1033 requiete
634 982 801 1022 relabilis
831 981 975 1026 amnis,

26 1047 30 1052 ’
137 1058 187 1096 Et
212 1054 341 1094 fruere
367 1053 519 1092 aeterna
550 1062 661 1100 pace,
693 1049 845 1091 favente
875 1049 967 1087 deol

86 1124 175 1177 Quo
204 1122 347 1162 seror?
375 1131 561 1160 armorum
589 1119 665 1171 quo
695 1131 754 1159 me
783 1120 880 1170 rapit
907 1118 1045 1159 incitus
1080 1121 1222 1164 ardor?

138 1191 233 1230 Non
263 1190 356 1229 facit
383 1188 429 1226 ad
456 1189 607 1228 nostros
635 1191 688 1227 ira
717 1188 879 1229 furorve
908 1189 1057 1230 modos.

85 1257 239 1298 Aeratas
271 1258 370 1298 acies
396 1261 487 1306 alii,
521 1261 728 1309 Martisque
757 1257 925 1306 furores,

140 1329 316 1368 Carmine
345 1328 558 1384 Maeonio,
589 1329 777 1380 foedaque
807 1330 915 1369 bella
946 1335 1090 1368 canant:

88 1398 259 1438 Delicias
286 1409 382 1448 ego,
411 1398 579 1445 Vechta,
612 1408 692 1438 tuas
720 1396 919 1444 laudesque
959 1399 1162 1449 decusque.

150 1467 199 1506 Et
227 1477 321 1505 cano
349 1467 586 1518 paciferum,
614 1468 757 1519 pacifer
787 1468 885 1516 ipse,
919 1467 1042 1507 deum.

90 1538 154 1576 Tu
180 1537 307 1576 versus
338 1537 534 1587 studioque
562 1550 665 1578 meos
694 1548 734 1578 et
761 1549 891 1578 amore
930 1536 1137 1589 rependas,

142 1599 401 1655 Cantatorque
432 1607 488 1645 tui
517 1588 616 1644 dicar
646 1607 808 1646 honoris
837 1613 929 1660 ego!

90 1674 151 1714 Sis
180 1674 274 1714 mihi
302 1681 342 1713 tu
369 1675 536 1724 placidus
564 1677 708 1728 semper
746 1679 1009 1718 resonantibus
1036 1675 1143 1716 undis
1153 1705 1168 1725 ‚

144 1743 192 1782 Et
219 1743 311 1782 mihi
341 1743 402 1783 des
432 1746 581 1786 facilem
618 1749 763 1800 saepius
793 1750 849 1788 ire
877 1751 995 1788 viam!

97 1813 263 1863 Meque,
292 1812 481 1864 fatigatum
509 1817 692 1856 Phoebeo
721 1815 830 1868 saepe
860 1816 1012 1864 labore,

149 1884 322 1932 Excipe,
348 1888 547 1933 gramineo
576 1887 745 1926 molliter
774 1886 886 1936 usque
915 1887 1026 1925 toro!

98 1953 209 1992 Neve
241 1951 430 1991 fitibundo
459 1964 595 2002 puros,
623 1964 752 2006 pater,
781 1956 900 1994 abnue
929 1956 1087 2004 fluctus,

152 2024 245 2062 Neu
273 2033 412 2062 caream
441 2024 619 2063 recubans
648 2024 764 2064 litore
800 2035 894 2076 pace
922 2027 1008 2064 tuo!

100 2092 216 2132 instar
256 2093 333 2131 eris
370 2092 482 2132 nobis
511 2094 760 2135 Heliconidos
788 2096 1056 2146 Hippocrenes

151 2161 332 2212 Semper;
360 2162 559 2214 Apolllnei
587 2165 751 2205 numinis
779 2163 893 2203 instar
920 2167 1011 2204 eris.

102 2241 215 2281 1703·
707 2244 857 2280 Βιιτιι.
885 2245 1163 2277 nvxnxcorn.
