1527 2807
415 259 827 305 Prot-freae.
1127 259 1175 302 95

76 361 222 403 Invidet
241 361 396 410 ignavae
419 371 486 398 ver
506 371 646 399 nomen
667 361 822 399 amabile
844 360 993 399 brumae
1006 389 1019 410 ‚

127 430 261 470 Manet
279 440 316 469 et
336 429 398 468 has
421 430 559 467 circum
580 429 767 468 luxuriare
788 440 923 467 comas.

74 499 174 538 Huic
197 498 362 550 Zephyri
383 505 534 548 portare
555 496 677 535 libens
700 497 758 536 sua
779 510 929 536 munera
951 499 1116 546 conjux,

130 567 228 606 Huic
247 564 391 615 frugum
408 566 574 618 genitrix
596 565 682 603 diva
700 567 860 615 benigna
881 566 987 605 velit.

75 636 145 684 Et,
173 637 233 674 cui
255 636 475 688 pampineus
502 634 622 673 firmat
644 635 800 683 vestigia
822 635 986 685 thyrsus,

131 706 297 744 Numine
318 707 488 745 Lenaeus
512 703 649 746 saucius
672 703 748 752 ipse
770 702 846 741 suo.

75 773 198 812 Vnica
221 773 392 812 sollicitat
415 783 581 822 magnum
603 772 779 810 Tritonia
802 771 942 821 petius.

128 843 204 881 Hic
224 853 372 892 quoque
392 843 559 887 Pierius,
588 838 695 891 1]qu
722 840 836 885 solet,
867 841 939 878 urit
962 850 1078 877 amor.

0 897 15 914 ²
77 910 225 962 Jamque
245 910 347 960 cupit
366 910 492 959 douae
515 910 668 949 lustrare
687 910 818 959 palatia
841 908 1004 956 Leidae‚

134 980 291 1032 Quaque
312 978 377 1027 sibi
398 980 515 1018 Paean
537 979 660 1018 fixerit
681 977 771 1017 aede
797 978 906 1016 lares.

75 1047 260 1098 ¹Principis
286 1047 446 1086 adventu
468 1048 569 1086 tollit
585 1046 795 1086 famulantia
817 1046 971 1085 Rhenus

135 1118 308 1164 Cornua,
338 1117 527 1155 contrafto
547 1115 749 1169 quamlibet
771 1126 876 1153 amne
900 1115 1000 1164 gelu.

79 1182 349 1233 Adglomerant
367 1186 470 1225 lateri
491 1186 662 1224 blandum
686 1183 872 1224 Nereides
897 1195 1024 1232 agmen
1038 1214 1050 1230 ‚

137 1253 317 1303 Certaque
341 1254 503 1292 laetitiae
524 1254 609 1292 dant
627 1253 847 1292 documenta
872 1252 965 1290 suae.

81 1320 268 1361 Plaufibus
292 1322 497 1360 innumeris
518 1329 630 1360 totam
654 1322 729 1359 ruit
749 1321 842 1358 unda
865 1333 934 1372 per
955 1325 1105 1370 urbem,

135 1391 286 1440 Vixque
308 1401 420 1440 capax
441 1389 588 1429 decoris
611 1389 725 1428 Leida
745 1390 845 1428 beata
869 1386 934 1428 sui.

81 1458 202 1498 noua
221 1458 326 1496 venit
344 1458 475 1508 virgo,
500 1459 656 1508 geminis
680 1460 848 1498 comitata
868 1458 1029 1507 deabu53

135 1527 298 1574 Numina
318 1525 521 1575 Tyrrheno
541 1537 618 1564 non
641 1527 841 1576 peregrina
861 1525 958 1564 duci.

80 1593 199 1633 Ardet
220 1595 257 1632 in
282 1583 482 1642 amplexus.
511 1605 583 1632 nec
606 1593 654 1631 sic
674 1606 716 1632 ea
739 1595 903 1633 creditur
926 1595 1018 1633 olim

135 1659 419 1701 Acrifioniaden
443 1661 644 1711 deperiisse
669 1661 782 1699 suum.

82 1721 198 1780 Inuue
218 1731 272 1780 pii
293 1729 419 1768 titulos
435 1759 445 1776 ‚
475 1730 728 1780 Mediceaque
750 1730 902 1768 nomina
918 1760 928 1776 ,
955 1731 1080 1769 Cosmi

137 1799 337 1849 Temperat
355 1806 509 1837 auratam
530 1799 664 1837 Delius
684 1799 760 1849 ipse
781 1800 934 1850 chelyn.

85 1866 268 1906 Candidus
290 1868 476 1906 ominibus
497 1867 643 1906 resonat
662 1867 839 1906 felicibus
862 1867 1001 1906 aether.

138 1933 330 1972 Insolitum
351 1943 540 1984 nequeunt
558 1935 701 1985 pulpita
724 1934 826 1973 ferre
845 1935 966 1980 jubar.

84 1999 168 2051 Ipse
190 2010 293 2050 pater
315 2001 403 2039 clari
429 2001 538 2049 spirat
560 2002 622 2040 sub
647 2003 806 2051 imagine
827 2003 924 2047 nati,

138 2070 281 2120 Diaque
302 2072 547 2120 magnanimos
565 2083 628 2109 ora
653 2069 811 2109 fatentur
835 2082 934 2110 avos.

582 2138 691 2190 ‘f4
