1527 2807
398 303 825 333 ιῑιῐσι.
1060 301 1155 340 ,253

52 409 167 448 Parce
188 403 620 453 fletu‚parce;summam
643 402 744 450 virga
766 402 832 438 vix
844 400 1126 451 stringitcutem.

51 478 144 517 Sunt
160 475 268 524 magis
295 471 455 511 timenda
479 472 602 510 adulto
624 470 752 520 flagra,
784 469 893 509 saevo
913 471 1070 508 verbere

478 540 603 578 Altum
627 551 716 589 quae
738 539 896 579 lacerant
921 540 1026 577 latus.

55 681 269 731 Ampliores
295 691 383 718 ecce
402 679 576 729 campos!
607 681 675 718 en!
707 680 876 719 iuventus
896 679 1078 731 advenitg'g

58 751 184 788 Noxii
205 749 297 787 lusus
322 749 457 788 relictis
481 760 580 787 nunc
599 749 745 799 placent
767 749 1009 797 crepundiis3

61 821 140 859 Cor
164 820 258 858 novi
278 827 429 869 tangunt
445 818 610 866 calores,
640 829 779 868 perque
801 825 891 855 tosta
913 815 1052 856 fervidi

491 888 600 936 Ignes
622 886 762 925 viscera
782 886 983 926 transeunt.

60 1025 222 1076 Frigidas
243 1025 398 1064 adfunde
421 1023 605 1074 lymphas,
635 1021 774 1061 flamma
792 1024 902 1074 surgit
924 1027 1074 1073 acriorg

58 1097 203 1145 Surgit,
229 1104 266 1134 et
288 1090 365 1134 late
387 1093 542 1143 patentis
560 1090 659 1131 fldet
683 1091 824 1132 Oceani
847 1096 982 1141 minas,-

57 1166 148 1205 Fors
170 1176 281 1215 opem
298 1164 394 1203 ratio
419 1161 558 1201 furenti
578 1169 727 1210 portet3
755 1163 842 1201 huic
862 1162 966 1210 fidas,
995 1177 1111 1218 puer,

498 1233 591 1270 Cum
609 1232 791 1281 portabit,
822 1232 997 1273 adultior.

62 1375 181 1415 Levia
200 1372 414 1424 praevalens
437 1370 622 1421 Voluptas
644 1370 786 1419 diffipat
805 1372 996 1410 conamina
1010 1401 1022 1418 ,

62 1445 168 1497 Quae
178 1453 285 1480 manu
298 1441 391 1481 male
409 1440 536 1479 blanda
548 1447 665 1485 recto,
680 1450 750 1478 nec
771 1447 958 1487 negantes,
969 1443 1158 1491 absttabit,

63 1515 143 1553 Ore
168 1511 316 1555 blanda,
342 1511 458 1561 qualis
483 1510 583 1554 Eos,
614 1507 677 1547 sed
696 1507 827 1548 doloso
851 1509 888 1545 in
910 1518 1066 1558 pectore

495 1579 608 1617 Virus
631 1576 846 1628 pestiferum
864 1585 1005 1627 tegens.

67 1717 411 1763 Interimsslabuntur
435 1719 547 1765 anni,
575 1726 686 1768 teque
704 1718 947 1769 conspicimus
967 1721 1110 1769 virum:

68 1791 122 1828 Vt
141 1789 239 1835 rosa,
268 1787 381 1826 modo
402 1801 493 1838 quae
513 1789 678 1838 corymbi
701 1790 763 1827 vix
782 1787 964 1837 refignans
983 1793 1134 1841 oscula,

43 1858 270 1903 ‘Orbefiiam
287 1865 367 1897 toto
388 1857 564 1908 patescit,
594 1858 698 1896 floris
723 1857 908 1906 explicans
936 1870 1047 1909 opes,-

368 1913 370 1915 ’
498 1926 570 1966 Sed
594 1938 692 1966 nunc
710 1926 834 1966 damna
855 1930 968 1977 magis
987 1942 1170 1980 premunt3

75 2055 185 2104 Nunc
203 2065 390 2113 cubantem
411 2069 514 2113 rufine
533 2067 649 2112 dulcis
672 2067 803 2108 deserit
825 2069 950 2117 primo
971 2069 1105 2119 sopor.

75 2133 150 2173 Aut
171 2141 262 2183 vetat
278 2134 442 2184 gdofflijre
462 2148 569 2186 cura,
599 2147 710 2196 nocte
728 2141 804 2183 tota
823 2138 1005 2191 pervigss5
