1527 2807
394 333 772 363 POETICAE.
1077 334 1088 359 ¹

1099 333 1120 370 b.)

1126 334 1146 369 b)

302 374 326 388 s

120 565 324 604 WILHE
339 565 386 603 L.
425 566 456 602 C
471 567 502 602 A
516 564 566 602 R.
602 564 794 606 HEN-R.
834 563 1033 603 FRISO.

502 703 666 754 Sponfits.

71 814 304 907 Vndique
330 858 491 897 Frisiacis
523 860 638 906 pubes
667 858 809 902 agrestis
837 859 880 894 ab
910 860 1002 894 atris

70 931 176 969 Festo
203 933 292 968 laeta
319 931 378 968 die
405 930 598 977 speciatum
629 931 727 967 venit
752 930 787 965 in
819 930 966 966 urbem:

68 1002 255 1039 Venerunt
278 1001 452 1049 juvenes,
481 1011 623 1038 tenerae
653 1011 785 1036 venere
810 1002 974 1046 pueliam

68 1072 179 1108 Venit
208 1081 245 1108 et
266 1071 513 1115 Alcimedon,
542 1082 618 1117 quo
644 1071 760 1118 magni
788 1069 941 1106 Frisonis
972 1079 1071 1107 οἵως

71 1144 122 1180 Et
149 1141 264 1179 castos
289 1142 390 1189 ignes
419 1151 454 1178 et
482 1141 611 1178 Martia
639 1142 730 1178 bella
760 1150 932 1183 canente,

71 1213 208 1251 Lavica
235 1210 362 1260 plausit
389 1213 490 1260 aquis
521 1223 556 1250 et
585 1213 655 1250 leni
683 1212 832 1252 flumine
860 1211 1003 1252 Borma,

68 1283 148 1338 Jam
172 1283 310 1326 senior,
337 1283 546 1330 baculoque
572 1282 707 1330 pedum
737 1282 884 1330 vestigia
908 1281 1069 1318 firmans:

68 1355 126 1392 Ac
155 1354 274 1402 prior,
301 1364 326 1390 o
354 1353 475 1400 segnes
508 1363 544 1391 et
570 1353 698 1390 rustica
725 1353 831 1400 digna
858 1352 973 1389 notari

73 1423 220 1470 Turba,
246 1423 335 1473 quid
364 1423 516 1461 adsuetis
544 1423 676 1460 cessant
703 1423 739 1459 in
767 1422 923 1459 carmina
946 1420 1098 1458 Musae?

71 1494 250 1538 Cernitis‚
280 1504 319 1532 ut
345 1494 468 1541 spoliis
495 1505 530 1531 et
558 1495 652 1531 vieta
681 1494 829 1540 Virgine
853 1491 966 1531 celsus

71 1564 276 1612 Ingreditur
301 1565 474 1612 Princeps
491 1593 502 1610 ,
532 1575 567 1602 et
593 1565 690 1601 vieto
718 1564 884 1612 Principe
907 1565 1047 1610 virg-0?

74 1635 232 1672 Cernitis
249 1662 260 1680 ‚
289 1645 328 1672 ut
358 1636 442 1672 totis
470 1636 652 1673 celebrent
679 1645 776 1672 nova
799 1633 929 1682 gaudia
955 1634 1046 1669 vicis

71 1704 226 1743 Vrbani:
255 1715 290 1743 et
320 1706 425 1743 vobis
453 1705 649 1742 damnanda
676 1704 811 1742 silentia
839 1703 994 1741 durant?

72 1773 161 1824 Quo
189 1774 326 1812 dudum
348 1773 514 1822 promissa
535 1773 651 1812 fides?
677 1786 767 1822 age,
794 1785 910 1821 nuper
939 1774 982 1810 ad
1003 1774 1146 1820 ignem,

71 1843 227 1883 Horrida
254 1856 337 1883 cum
366 1846 504 1883 Boreae
535 1847 682 1884 coelum
711 1845 920 1882 foedaverat
946 1844 1019 1885 ira,

70 1914 203 1967 Judice
228 1926 285 1956 me
310 1914 470 1964 sponsam
495 1917 636 1954 alternis
662 1916 903 1964 sponsumque
931 1923 1122 1957 canentes,

75 1983 265 2035 Nassaviae
292 1985 317 2024 si
347 1987 465 2034 gentis
492 1998 613 2032 amor,
640 1985 664 2024 si
694 1986 870 2034 Principis
900 1983 996 2027 urit,

26 2067 34 2081 ‘
72 2040 253 2103 Incipiunt
280 2055 452 2102 iuvenes,
480 2069 549 2095 vos
573 2056 811 2104 respondete,
842 2056 1000 2103 puellae.

125 2126 309 2174 Exoptata
336 2128 439 2172 veni,
467 2127 574 2164 nostri
601 2137 708 2173 quam
739 2126 843 2174 saepe
872 2135 1063 2173 parentes,

73 2193 193 2246 Quam
219 2196 356 2236 nostrae
380 2193 516 2246 petiere
544 2208 683 2246 preces,
711 2208 755 2234 en
782 2196 954 2244 adspice,
982 2193 1101 2232 cunc‘ii
