1527 2807
326 284 917 315 ιιιοῐΑοΑ.
1118 280 1191 329 37¹7

157 503 311 552 AD
411 501 1131 555 VECHTAM.

83 631 311 722 Improbe,
343 685 413 713 nec
438 674 572 714 fluvios
601 675 696 712 inter
719 673 941 712 numerande
960 674 1167 725 benignos,

136 743 236 782 ‘run'
254 751 398 794 poteras
421 754 556 783 tantum
578 744 778 784 sustinuisse
802 740 936 781 nefas?

80 811 160 852 Hei
182 811 298 852 mihi!
316 823 559 865 perpetuum.
592 811 763 851 crudelia
793 809 949 856 funera,
974 812 1115 853 crimen

135 883 230 920 Non
255 890 318 929 tu,
341 894 416 922 non
438 884 569 932 ingens
589 881 686 920 eluat
711 881 900 919 Oceanus.

83 947 200 991 Certe
223 964 294 1002 ego
312 960 349 991 te
370 952 460 990 falso
480 949 658 1000 placidum
680 949 881 998 leuemque
901 951 1049 991 vocavi.

137 1020 210 1059 Ille
231 1020 306 1058 loci
332 1022 460 1070 genius
480 1030 575 1063 nee,
604 1018 704 1056 velut
724 1015 837 1066 ante,
864 1019 998 1068 placet.

83 1089 214 1129 Eheu!
238 1092 321 1140 quis
346 1088 483 1141 poterit
505 1097 541 1126 te
561 1098 657 1126 nunc
683 1087 827 1125 haurire
855 1090 1010 1127 viator?

137 1159 231 1210 Quis
255 1159 322 1198 tibi
345 1169 445 1197 nunc
466 1156 588 1203 dicat,
617 1157 733 1196 dure:
762 1157 936 1207 perennis
957 1169 1030 1198 eas.

81 1228 143 1268 Ah
162 1227 306 1278 rapidus
339 1227 476 1276 quanto
502 1228 706 1266 Tiberinus
725 1227 853 1264 mitior
875 1224 990 1264 olim!

132 1297 306 1335 Protinus
327 1296 476 1334 audaces
505 1296 572 1335 ille
593 1295 763 1346 repreffit
783 1306 888 1344 aquas
902 1323 914 1341 ‚

81 1364 198 1403 Vrbis
231 1371 271 1402 ut
288 1372 458 1403 aeternae
477 1364 756 1403 conservaretur
780 1363 903 1411 origo.

146 1433 207 1471 Tu
231 1433 343 1472 decus
369 1433 462 1472 heu!
496 1435 595 1483 turpi
618 1435 750 1472 nobile
772 1433 905 1480 mergis
925 1433 1029 1482 aqua.

81 1500 157 1540 Hic
178 1509 255 1539 erat
271 1509 308 1539 et
327 1500 440 1539 claras
463 1504 594 1554 populi
620 1503 783 1543 flexurus
802 1501 987 1549 habenas,

134 1569 254 1607 Vnica
281 1571 502 1618 magnanimi
523 1573 604 1621 spes
630 1572 812 1621 generosa
836 1569 966 1617 patris.

80 1639 188 1677 Heu!
221 1637 422 1677 miserande
442 1651 557 1689 puer,
591 1644 667 1679 ten'
690 1643 825 1680 sunere
843 1637 967 1679 merfit
994 1643 1157 1689 acerbo.

135 1708 270 1746 Cincta
288 1709 433 1757 nigrum
457 1708 611 1748 nebula.
647 1717 731 1747 trux
754 1708 919 1747 Libitina
934 1736 946 1753 ‚
975 1708 1112 1759 caput?

81 1778 258 1818 Gratulor
281 1789 306 1816 o
328 1778 433 1816 undis
448 1805 461 1823 ‚
487 1785 525 1815 et
548 1776 695 1816 nostrae
717 1776 878 1827 gratulor
896 1777 1000 1824 urbi,

135 1846 170 1885 A
198 1846 349 1883 nimium
370 1844 497 1896 rigido
516 1844 620 1894 quod
643 1845 776 1894 procul
797 1857 902 1885 amne
923 1846 1060 1888 lacent.

85 1914 269 1963 Amstela‚
301 1914 480 1964 pestifero
501 1914 765 1962 quantumlibet
786 1915 882 1954 ustus
902 1915 947 1954 ab
967 1917 1068 1967 lgm,

132 1983 341 2024 Horridior
362 1983 480 2032 glacie
498 1982 744 2032 frigidiorque
764 1984 881 2029 stetit;

81 2052 251 2092 Privatos
271 2049 428 2099 paullum
453 2052 520 2090 iam
542 2051 783 2103 deposuitque
800 2054 977 2094 dolores:

137 2120 223 2160 Hoc
250 2120 385 2168 magis,
410 2118 484 2160 boc
506 2120 643 2172 ipsum,
672 2121 773 2170 quod
796 2122 1028 2172 lacrimaret,
1056 2130 1149 2166 erat.

581 2191 633 2228 bb
664 2199 686 2236 5
978 2201 981 2205 ·
