1527 2807
402 280 799 312 roz'rreAn.

66 383 297 428 Natumque,
324 376 443 416 vestra
477 377 538 426 qui
563 377 731 427 voluptas
765 380 870 419 unica
898 379 953 420 est
970 407 981 428 ,

120 449 166 487 Et
196 458 265 486 una
301 457 385 484 cura
406 473 419 492 ‚
449 455 538 483 unus
567 454 603 483 et
632 457 756 492 amor,

65 519 222 562 Timore
251 515 330 555 veri
353 514 477 564 pectus
509 513 689 552 incosturn
715 515 814 561 Dei,

115 583 296 631 Refflque
327 592 450 620 amore
483 580 680 631 simplicis,

65 652 195 693 Aetate
224 650 362 700 prima,
388 659 480 698 quae
500 649 631 688 decent
654 651 798 701 virum,
827 654 964 692 artibus

119 719 290 759 Tinetum
318 717 589 764 severioribus,

66 787 235 828 servabit
264 786 457 831 omnibus,
487 786 679 825 innocenti
707 799 796 837 quae
827 789 1020 833 imminent

122 856 315 901 Puertiae,
344 853 543 904 periculis,

66 924 200 975 Ilquue
231 923 358 972 scripta
388 920 559 960 conferet
588 923 804 974 colentibus)

121 994 188 1031 Pie
216 999 386 1042 parentes
415 992 587 1040 praemia.

66 1060 129 1104 Sic
157 1060 231 1098 sera
259 1057 402 1097 tandem
433 1067 469 1096 ut
498 1059 561 1096 illa
589 1060 738 1098 venerit
771 1060 873 1106 dics,

120 1128 273 1168 Laboris
303 1123 423 1166 omnis
449 1128 650 1175 terminus,

67 1196 201 1237 vitalis
229 1207 337 1234 aurae
364 1195 498 1234 leniter
523 1196 592 1243 qua
624 1195 769 1244 spiritus

120 1263 225 1302 Fesso
257 1262 395 1302 recedit
423 1262 599 1311 penore,

66 1331 202 1370 Orbata
223 1330 305 1367 luce
337 1331 625 1377 comprimuntur
654 1330 787 1370 lumina

122 1399 212 1437 Nati
230 1409 335 1436 manu
366 1395 546 1446 pumma,

66 1468 179 1505 Tunc
207 1476 306 1503 mens
337 1464 448 1503 soluta
476 1465 644 1514 corporis
673 1466 802 1505 vinclo
829 1471 932 1519 gravi

122 1535 169 1572 Et
198 1544 288 1583 pura
321 1531 457 1570 christi
488 1532 682 1583 sanguine,

66 1601 230 1650 Recepta
256 1600 356 1639 coeli
387 1599 470 1638 sede
504 1599 781 1647 formofiffind,

124 1669 265 1708 Mentis
296 1670 418 1707 beatae
450 1669 585 1717 patria,

67 1735 199 1775 Audita
218 1748 294 1774 non
318 1747 472 1786 unquam
496 1747 601 1782 aure,
639 1749 711 1776 nec
737 1739 947 1781 mortalium

119 1805 223 1857 Quae
254 1804 373 1854 lingua
405 1804 579 1854 proloqui
613 1805 730 1853 valet,

70 1873 231 1911 Immixta
259 1872 351 1910 dicat
380 1872 553 1912 coelitum
583 1872 702 1911 fausto
729 1874 847 1914 choro

128 1941 266 1979 Divina
294 1940 434 1990 semper
466 1943 641 1981 carmina.

74 2009 264 2058 Deumque
291 2009 396 2047 tollat
423 2009 609 2056 laudibus,
639 2011 800 2050 celebret
831 2013 977 2061 Deum,

125 2075 315 2125 Deumque
344 2085 419 2115 tota
451 2078 642 2123 concinat,
