1527 2807
442 296 876 329 erxem

104 395 195 441 Non
231 398 279 437 fic
308 395 468 446 Pelasgis
499 396 614 436 diruta
649 396 770 434 essent
800 394 988 444 Pergama!

207 469 322 507 Tanta
344 466 439 505 heu!
471 464 649 503 malorum
680 465 816 513 regiam

102 538 224 577 Series
254 534 469 587 potestatem
497 534 660 582 sequitur
679 560 692 580 ,
733 533 939 572 inconditus

210 607 315 659 Quae
343 605 494 645 rusticus
530 612 710 652 nunquam
740 602 857 640 timet.

103 676 191 716 Hoc
219 675 415 720 sentiebas,
455 677 684 723 Imperator,
721 678 757 708 tu
790 679 964 721 quoque,

200 744 274 796 Qui
307 742 448 793 perfido
479 741 569 778 olim
599 740 774 785 Valerio,

105 814 180 866 Qui
208 821 327 851 tecum
359 812 515 850 habenas
543 809 706 859 gentium
740 808 958 857 reliquerat,

207 882 369 930 Rogatus
399 888 437 918 ut
468 881 598 919 iterum
618 900 631 927 ,ι
673 880 772 930 prius

105 951 346 1000 Contempta,
389 950 506 989 vellet
539 958 718 997 occupare
752 946 819 985 filii

209 1018 358 1068 Sceptra
378 1047 389 1064 ,
428 1018 599 1066 huncque
635 1026 752 1065 regno
780 1016 948 1066 pellere:

100 1089 285 1129 DormIre
312 1077 426 1125 acutis
451 1087 543 1125 nolo
575 1085 692 1125 rursus
726 1088 924 1137 vepribus,

208 1157 271 1197 sic
297 1153 389 1194 fatus
416 1153 489 1194 elle
517 1155 685 1205 diceris,

103 1229 257 1277 captare
289 1225 428 1277 poffum
460 1235 540 1264 eum
567 1225 710 1274 quietus
743 1225 820 1263 otia

210 1295 285 1333 Hic
315 1295 412 1332 inter
447 1294 611 1333 halantes
644 1293 757 1332 rosas.

101 1364 189 1404 Hoc
219 1363 395 1401 sentiebat
422 1360 572 1400 fortiori
627 1361 772 1401 Flavius

214 1431 277 1470 Ab
304 1430 412 1468 hoste
442 1431 504 1479 qui
533 1430 658 1481 pulsus
689 1431 851 1477 throno,

106 1503 245 1541 Tamen
276 1500 445 1551 supremo
475 1500 631 1539 Numini
662 1499 747 1548 post
774 1501 942 1539 maximas

213 1567 357 1610 Crebro
389 1569 560 1620 rependit
586 1571 738 1619 gratias,

107 1640 218 1693 Quod
247 1639 419 1678 liberatus
448 1638 665 1688 imperando
683 1666 694 1684 ,
734 1645 772 1677 et
802 1638 967 1689 piurimis

210 1703 390 1747 Periculis
410 1735 422 1754 ,
458 1708 661 1746 traduceret

101 1779 221 1817 Vitam
252 1779 411 1828 quietam
442 1777 667 1826 liberamque
691 1806 702 1822 ,
740 1789 809 1817 nec
838 1788 961 1817 manus

162 1834 168 1839 ⁸
210 1844 345 1888 Rursus
373 1845 519 1883 timeret
550 1844 725 1885 hostium.

108 1917 257 1966 Aliique
286 1917 389 1967 pauci
420 1914 627 1964 praetulere
659 1916 708 1955 fic
737 1917 873 1956 throno

215 1987 337 2024 Vitam
364 1986 519 2034 quletam
552 1986 680 2035 reg103

110 2054 155 2095 Et
184 2054 278 2093 inter
311 2052 395 2092 illos
425 2053 598 2100 Carolus,
636 2054 696 2103 qui
730 2051 884 2104 plurima

214 2122 300 2162 Post
330 2121 421 2163 belia
440 2149 451 2168 ,
489 2121 573 2171 post
601 2122 777 2160 victorias

616 2201 686 2240 ¹5
