1527 2807
367 353 977 384 ιιισῐΑσΑ.
1141 355 1220 396 543

98 461 197 502 Num
228 458 312 499 satis
331 457 406 495 hoc
426 454 566 500 fuerat,
596 459 632 491 te
650 451 753 501 qued
778 463 902 503 neque
929 453 1077 493 doctior
1099 454 1213 501 alter.

157 531 244 568 Nec
274 536 374 574 mage
406 522 448 560 fit
476 523 609 560 Latiae
639 521 784 560 nobilis
814 530 896 561 arte
927 523 1058 574 lyrae?

106 599 208 638 Num
229 596 313 635 satis
334 594 430 638 hoc,
450 590 553 640 qued
574 600 688 630 amata
709 592 810 630 rosas
823 619 835 638 ,
853 602 942 640 quas
955 592 1114 641 legerit,
1127 602 1226 632 uxor

159 666 300 707 Gestiat
322 670 404 702 ante
423 669 507 701 tuos
529 661 690 701 fundere
710 663 846 711 ubique
866 659 1015 710 pedes?

105 741 199 778 Non
230 736 281 774 ita
309 733 350 772 dt
377 727 561 771 voluere:
594 732 727 770 avibus
759 732 907 781 iamque
927 730 1026 771 edita
1047 730 1178 771 faustis

159 804 360 846 Exhilarat
389 802 536 841 suboles
564 809 676 850 teque
703 809 876 850 tuamque
904 799 1069 839 domum.

108 878 159 916 Vt
186 875 264 914 rlfit
293 874 421 913 Venus
448 871 557 910 alma!
589 871 749 911 viden’?
777 872 919 910 maiore
950 870 1107 920 vigescit

163 944 376 984 Luxurians
406 941 548 980 flamma
579 939 816 979 connubialis
843 950 961 979 amor.

110 1017 161 1056 Et
189 1014 318 1055 studiis
348 1013 480 1053 Musae
506 1018 669 1057 certant,
704 1009 949 1059 Charitesque
978 1010 1150 1062 sorores,

166 1084 370 1139 Quaelibet
397 1092 435 1122 et
464 1090 625 1132 puerum
655 1077 822 1116 vindicat
852 1079 924 1128 ipsa
955 1079 1035 1120 fibi.

115 1157 166 1196 At
191 1157 299 1195 fovet
327 1155 428 1193 hunc
455 1151 603 1190 inhians
623 1149 880 1199 complexibus
902 1151 1047 1200 optima
1067 1161 1212 1203 macer,

165 1223 332 1264 Forsitan
361 1230 401 1261 et
429 1222 543 1271 gratIs
572 1232 638 1258 ora
666 1220 815 1260 madent
845 1222 1030 1269 lacrymis.

108 1296 210 1335 Dum
240 1295 334 1340 tibi,
363 1291 546 1337 Santeni,
575 1289 692 1329 modi>
722 1291 896 1340 coniugis
927 1300 963 1330 et
991 1291 1107 1332 modi)
1129 1295 1204 1333 nati

166 1363 378 1413 Adspectus
405 1359 521 1398 dubio
551 1358 688 1398 lumina
718 1360 789 1398 fixa
814 1368 934 1400 tenet.

111 1433 264 1472 Crescet
290 1429 356 1469 10!
389 1427 484 1467 felix
515 1429 733 1478 superisque
764 1428 974 1467 faventibus
1006 1430 1152 1471 Infans!

168 1505 244 1542 Iam
274 1508 423 1540 tenerae
455 1499 575 1536 matris
607 1499 766 1538 dormiat
794 1500 833 1537 in
863 1501 1024 1549 gremio.

114 1576 282 1624 Tempus
301 1571 397 1616 erit,
424 1568 529 1607 balba
550 1579 631 1606 cum
653 1575 690 1605 te
711 1566 862 1617 queque
884 1581 979 1608 voce
1002 1579 1197 1622 parentem

169 1642 399 1689 Nuncupet‚
429 1646 467 1677 et
496 1638 608 1688 parva.
640 1637 798 1675 mulceat
824 1648 894 1676 ora
923 1649 1044 1678 manu.

115 1713 285 1761 Tempus
310 1710 408 1754 erit,
434 1709 567 1756 patrias
586 1720 695 1757 quum
715 1708 824 1748 discat
846 1708 940 1746 filius
969 1716 1088 1758 artes,

171 1780 264 1819 Non
292 1773 430 1827 patriae
460 1777 576 1816 laudis
605 1779 774 1828 degener
805 1777 910 1828 ipse,
941 1778 1056 1828 sequi.

120 1849 322 1900 Auguror!
355 1848 500 1887 afflictis
530 1848 643 1898 surgit
671 1861 772 1888 nova
801 1849 921 1900 gloria
949 1850 1088 1896 Mutis

177 1921 370 1960 Maiorum
397 1919 459 1956 hic
487 1927 638 1957 revocet
667 1927 837 1969 tempora
864 1920 977 1960 fausta
1006 1934 1113 1973 puer.

121 1990 240 2033 Leida
275 1989 380 2037 fave,
411 1990 569 2028 heroum
605 1988 772 2038 genitrix
802 1991 1037 2039 veneranda,
1068 1995 1235 2044 tropaeis

169 2059 334 2111 Inclyta,
366 2057 554 2097 Pieridum
582 2056 687 2106 laus,
717 2069 793 2096 mea
823 2059 964 2108 LeIda,
998 2063 1105 2101 fave!

118 2128 240 2183 Quam
269 2130 368 2167 bene
397 2127 592 2166 Dousanae
622 2135 726 2178 petet
754 2128 814 2167 hic
835 2132 1032 2179 praeconia
1054 2132 1207 2171 laurfis!

175 2200 252 2252 Qui
282 2199 475 2238 Phoebum
503 2207 540 2237 et
567 2200 747 2250 patriam,
777 2211 881 2239 carus
916 2201 1086 2251 utrique,
1123 2204 1237 2245 colat.
