1527 2807
485 205 795 244 CARMLNA.
901 203 912 215 '
1129 202 1184 246 εἴ

65 370 189 418 Atque
205 367 342 406 utinam
360 364 499 403 domini
517 375 640 402 manus
660 363 724 400 has
747 358 948 408 impless'et,
974 366 1010 396 et
1030 357 1108 405 ipse

114 448 255 487 Austor
273 443 474 482 mansurum
493 439 732 480 continuass‘et
751 440 869 485 opus!

66 526 152 564 Hoc
174 534 271 572 ego,
298 532 335 560 te
357 522 469 566 vivo,
498 518 686 558 caruiffem
706 519 820 554 laetus
836 515 992 552 honore.

115 603 205 640 Non
224 601 320 649 jam,
348 611 424 647 quo
447 608 559 637 vocat
574 598 666 634 haec
686 595 823 643 gloria,
852 594 979 640 sponte
999 590 1145 638 sequor.

65 680 218 718 Publica
236 687 418 727 perpetuo
439 678 646 724 vigilantem
668 675 704 711 in
731 669 928 711 commoda
949 668 1054 706 Mors
1074 676 1112 703 te

115 757 206 794 Non
226 757 333 802 tulit,
360 765 398 792 et
418 754 530 793 fuscis
552 753 664 792 livida
683 748 802 791 mersit
821 749 939 796 aquis.

63 835 153 874 Non
173 844 234 872 tua
253 835 470 881 longinquas
494 830 738 871 Santhorstum
760 826 929 876 praebuit
947 823 1091 863 umbras

115 913 278 951 Ducenti
296 911 342 949 ad
359 912 515 960 placitos
538 911 614 948 otia
635 909 743 950 doffta
764 907 898 949 Lares;

62 991 148 1029 Otia
168 991 311 1028 vicinae
333 987 460 1040 (nimis
480 989 551 1027 heu
573 989 697 1026 brevia
719 982 825 1035 illa!)
853 983 1016 1021 senestae

114 1069 248 1106 Virtuti
269 1069 363 1106 Urbs
385 1067 533 1106 dederat
554 1066 720 1105 Amstelis
740 1073 857 1110 aequa
877 1070 974 1099 tuae.

64 1147 137 1186 Pro
159 1148 292 1194 quibus
315 1156 492 1185 aeternam
513 1144 725 1194 properavit
745 1142 858 1180 Parca
879 1139 1061 1187 quietern,

82 1212 93 1221 x
114 1224 239 1262 Foeda
257 1226 465 1273 repentinae
485 1225 634 1266 crimine
655 1223 766 1260 Parca
787 1218 900 1258 necis.

62 1303 146 1342 Heu
166 1313 338 1350 quantum
359 1301 473 1340 amifit
492 1312 594 1354 pater
611 1300 767 1339 Amstela
786 1297 960 1336 nominis!
993 1294 1103 1333 altum

116 1381 321 1418 Bul-manno
343 1381 535 1425 attollens,
563 1379 741 1422 mustela,
770 1386 852 1413 vate
873 1382 998 1420 caput.

62 1461 113 1498 Ut
131 1460 265 1506 pattiae
284 1468 320 1495 te
340 1460 486 1505 languet
506 1468 607 1494 amor
623 1456 822 1494 moriente!
852 1462 920 1489 nee
940 1449 1016 1486 aeta

114 1537 243 1574 Mirari
261 1545 322 1573 aut
344 1537 526 1582 proavum
549 1536 644 1571 clara
665 1533 799 1570 referre
820 1540 937 1578 nepos

59 1615 195 1653 Ardet!
224 1624 288 1659 ut,
316 1614 472 1650 externis
494 1611 716 1659 postponens
736 1609 826 1646 seria
845 1606 949 1653 nugis
963 1633 975 1650 ‚

109 1693 198 1738 Nil,
226 1692 363 1729 animae
384 1689 447 1729 nifi
469 1689 573 1737 quod
594 1689 728 1727 robora
746 1686 898 1734 frangit,
926 1683 1035 1720 amat!

58 1769 210 1809 Palladis
230 1770 327 1814 hoe,
357 1770 566 1816 sseigaeque
586 1766 683 1805 haud
705 1764 897 1803 eluftabile
919 1762 1109 1802 damnum,

109 1849 247 1900 Jaftura
261 1876 272 1893 ,
301 1857 451 1885 extento
473 1858 547 1884 non
568 1844 763 1893 reparanda
783 1843 857 1880 die.

62 1927 210 1965 Scilicet
231 1925 411 1964 indomito
430 1925 509 1962 sunt
529 1924 655 1972 pervia
677 1923 806 1959 cuneta
822 1918 961 1964 labori,

114 2004 281 2054 Quisque
302 2013 366 2051 per
385 2004 482 2041 hunc
502 2013 657 2051 pronum
678 1999 794 2038 laudis
814 1997 954 2035 adimus
976 1995 1062 2039 iter;

61 2083 221 2127 Naturae
239 2081 356 2125 felicis
379 2092 493 2128 opes,
521 2088 749 2127 cognataque
771 2078 883 2114 coelo

116 2160 288 2208 Ρςδῑοῑε,
317 2158 400 2197 dant
419 2159 549 2208 paucis
568 2157 688 2195 secula
707 2166 783 2194 rara
803 2154 902 2193 viris.

605 2235 687 2288 135
