1527 2807
411 277 818 309 POETICAB·

66 381 150 432 Age
171 388 300 431 turpe,
328 377 443 417 sartor
460 387 591 425 rauce,
623 379 709 426 jana
731 378 911 418 canticum
925 377 948 428 ,’

64 450 216 500 Hymno
237 446 376 498 putabit
397 445 432 484 se
453 444 676 485 celebratum
698 447 829 496 polus!

66 519 146 557 Vae
168 517 263 555 vatis
282 515 452 559 umbrae,
482 511 508 550 fi
528 514 615 563 quid
635 517 681 553 ab
701 514 823 553 obitus
843 514 906 553 die

66 587 192 638 Sapis,
222 584 364 623 susurro
386 582 537 632 vapulas
559 595 650 633 quae
671 592 741 622 tam
764 583 870 622 fero!

67 654 212 696 Polluta
232 651 365 691 dudum
390 648 449 689 sed
467 650 667 701 requueris
689 651 770 690 loca
783 679 797 699 ‚

67 722 128 763 Ad
150 720 272 760 litoris
293 716 448 770 myrteta
471 718 648 768 Campani
669 719 844 766 evolans,

66 791 170 830 Inter
191 788 264 827 suas
285 789 357 838 qua
382 788 476 826 vivit
498 787 626 826 Aftius
649 795 729 827 tuus

66 857 213 900 Laudes
227 887 238 902 ,
267 858 441 906 notisque
462 856 596 906 sculpta
615 855 723 895 claris
743 864 938 894 marmora.

67 925 183 981 Quod
203 924 229 965 fi
255 924 452 974 supremo,
482 923 570 962 ficut
589 922 676 970 ille,
706 922 840 962 codice

67 996 249 1044 Pinguem
272 993 427 1043 saginam
450 994 487 1032 in
508 993 562 1031 bis
586 991 718 1030 decem
743 999 893 1030 ventres
911 990 1040 1041 pigros

69 1065 203 1103 Cautus
225 1061 376 1102 dedisses
389 1091 399 1109 ,
431 1061 573 1112 squalor
594 1061 715 1099 omnis
734 1059 881 1099 abforet

68 1132 127 1172 Ae
147 1130 328 1170 solitudo:
357 1129 630 1182 cymbalumque
654 1141 736 1169 cum
761 1129 840 1180 lyra

68 1199 282 1248 Frauaeque
304 1210 418 1238 voces
441 1199 669 1238 eviratorum
693 1197 860 1238 Attidum

73 1267 187 1307 Festis
212 1267 339 1306 diebus
361 1267 604 1317 personarent
624 1268 799 1317 compita.

71 1335 165 1375 Non
186 1335 346 1385 Zmyrna
365 1335 444 1373 talis
472 1336 511 1374 in
535 1336 596 1374 nii
618 1345 738 1375 vatem
758 1334 849 1381 fuit,

71 1402 151 1443 Aut
170 1402 312 1451 glorIae
334 1410 389 1440 tot
408 1403 572 1442 civitates
595 1403 783 1450 aemulae;

71 1469 147 1511 Sed
167 1469 327 1520 templa,
357 1478 395 1510 et
416 1481 492 1509 aras
513 1479 594 1511 ture
617 1474 772 1523 pingues
793 1469 978 1516 masculo,

76 1538 294 1587 statuasque
316 1534 509 1577 certavere
537 1540 611 1578 c1vi
635 1549 806 1591 ponere:

77 1607 179 1661 Quin
201 1607 412 1645 conditoris
430 1615 537 1657 atque
561 1609 723 1647 custodis
744 1608 807 1647 dei

77 1670 223 1720 Instar,
253 1673 430 1713 colendos
455 1675 591 1714 ultimis
613 1676 837 1725 nepotibus,
882 1688 885 1690 ’

77 1741 210 1782 Vultus
235 1743 386 1781 moneta
412 1741 624 1783 dedicarunt
647 1745 684 1782 in
707 1743 817 1782 sacra.

80 1809 141 1851 An
160 1811 390 1850 barbararum
417 1813 522 1850 turba
539 1813 702 1862 picarum
724 1812 860 1863 loquax

81 1878 186 1918 Clius
207 1879 356 1920 Latinae
376 1879 470 1918 vicit
491 1889 653 1929 argutum
675 1880 815 1927 melos,

82 1945 141 1986 Ac
161 1947 396 1987 Maeviorum
420 1956 490 1987 tam
510 1947 624 1987 feraci
646 1948 790 1987 saeculo

83 2013 226 2065 Coepit
244 2015 445 2055 Maronum
471 2017 590 2067 prima
614 2016 692 2056 laus
713 2017 945 2059 sordescere!

84 2083 209 2138 Quare
230 2085 398 2126 venustis
420 2086 570 2127 urbibus
594 2085 790 2126 venustior
806 2114 820 2134 ,

633 2161 716 2208 gf

1094 278 1164 308 111
