1527 2807
343 212 422 257 106
677 223 1064 256 υειιοῐιε

452 325 565 366 Sciss‘a
593 326 753 365 moestus
782 325 933 374 Apollo
960 326 1065 366 veste
1100 325 1225 373 flevit,

450 395 522 432 Cui
552 393 680 432 Musae
709 394 880 443 exequias
911 389 991 432 iere
1019 394 1164 442 tristes,

453 462 503 501 Et
528 462 677 512 planxit
702 463 763 514 pia
791 464 895 502 turba
925 463 1145 501 Gratiarum.

848 543 1000 573 conn-
1039 543 1142 573 vAN
1180 526 1399 571 aneuz:

837 703 864 729 A
920 703 948 728 D

343 771 770 814 DAVIDEM
824 765 1451 811 HOOGSTRATEN.

343 837 455 923 Et
476 876 553 916 satis
574 877 751 924 affiduae,
780 886 878 916 vates
900 875 1116 919 cultiffime,
1146 883 1256 912 curae
1276 870 1281 873 ’

396 946 543 985 Sarcina
563 948 747 986 cervicem
769 946 943 996 presserat
962 953 1046 983 ante
1070 954 1180 982 tuam.

343 1012 421 1064 Jam
442 1014 510 1052 tibi
533 1013 745 1064 tranquillae
767 1014 989 1061 contingunt
1013 1020 1111 1060 grata
1133 1009 1303 1050 senestae

400 1080 613 1131 Temp0123
640 1084 713 1130 jam
733 1082 861 1120 turbae
881 1079 1002 1119 nescia
1025 1079 1101 1116 vita
1123 1077 1215 1118 fluit.

344 1147 528 1188 Redderis
550 1150 625 1200 ipse
646 1148 712 1189 tibi
733 1157 831 1188 totus
845 1178 857 1196 ‚
885 1157 1054 1197 totusque
1079 1147 1280 1194 Camenis,

395 1217 561 1256 Maxima
584 1229 677 1268 quae
697 1218 840 1267 semper
864 1225 954 1256 vota
980 1213 1115 1262 fuere,
1136 1215 1225 1253 tuis.

343 1284 437 1324 Non
457 1286 565 1325 aliter
586 1294 717 1325 ventos
738 1295 778 1326 et
797 1285 913 1325 fidera
933 1284 1056 1323 navita
1073 1283 1190 1332 passus
1204 1311 1218 1331 ‚

395 1354 508 1393 Nunc
528 1355 674 1401 Borea,
702 1355 831 1405 pinum
855 1362 955 1392 nunc
972 1351 1132 1401 agitante
1149 1358 1268 1399 noto,

341 1422 422 1462 Vix
445 1423 588 1463 tandem
611 1425 747 1474 patriae
768 1430 882 1474 portu
908 1419 1073 1469 fugiente
1091 1421 1261 1471 potitus,

401 1491 575 1531 Subducit
598 1492 707 1532 fessae
728 1492 842 1530 litore
869 1498 966 1529 texta
987 1489 1097 1539 ratis,

342 1556 594 1610 Securusque,
623 1562 711 1599 mari
740 1563 858 1601 Corus
878 1560 966 1612 quid
988 1565 1116 1609 peccet
1137 1565 1177 1598 et
1196 1556 1339 1606 Eurus,

396 1630 522 1668 Diluit
541 1629 583 1668 ad
601 1633 741 1681 patrios
763 1631 836 1670 asta
859 1628 1002 1681 pericla
1028 1626 1139 1666 lares.

342 1697 396 1736 Vt
416 1705 452 1736 te
475 1709 572 1737 nunc
594 1707 711 1739 totum
729 1700 830 1746 juvat
849 1700 886 1738 in
907 1696 1057 1736 sacraria
1077 1693 1225 1733 Phoebi

399 1767 573 1807 Condere
587 1797 598 1815 ,
623 1777 661 1807 et
680 1768 818 1808 Aoniis
840 1767 944 1816 orgia
966 1765 1067 1803 ferre
1091 1764 1245 1802 choris!

342 1838 500 1891 Quaque
522 1839 718 1888 poetarum
738 1836 889 1885 vestigia
909 1843 1007 1872 certa
1027 1833 1198 1882 priorum

392 1908 489 1945 Rara
512 1907 553 1945 ad
572 1907 756 1957 Hyanteae
778 1904 902 1942 semita
922 1903 1042 1942 servat
1061 1913 1193 1950 aquas,

340 1974 425 2014 Huc
445 1975 535 2013 illuc
556 1975 744 2025 praerupti
768 1984 892 2013 errare
910 1984 978 2022 per
1003 1972 1083 2009 avia
1105 1968 1215 2008 Pindi

385 2043 504 2084 Antra
517 2074 528 2093 ‚
558 2043 804 2096 profanorum
822 2051 902 2083 non
925 2039 1089 2082 adeunda
1106 2037 1237 2093 pedet.
