1527 2807
410 307 841 340 τιῑιιοι.
1093 306 1169 347 255

489 410 538 449 Et
565 417 696 448 vertex
715 410 803 448 nive
824 409 1012 460 spargitur.

68 552 132 592 Est
151 551 342 596 senectus,
370 549 436 589 ilie
456 551 612 597 mentis,
642 548 704 588 ille
724 551 872 587 morbus
895 547 1081 605 corporis,
1140 587 1144 592 ,

67 620 167 674 Quid
189 620 254 658 fibi
268 630 400 669 ‚quem
423 619 596 658 monstrat
611 620 702 665 ,atri
724 618 801 655 vult
822 627 974 656 acervus
989 615 1175 665 pulveris?

66 689 181 728 Parva
193 688 291 729 sedes
303 688 392 728 haec
402 688 559 739 sepulcri
574 718 583 734 ,
607 690 755 739 qunque
775 696 864 726 eunt
873 698 1001 737 omnes
1015 716 1025 733 ‚
1048 687 1174 732 locus;

497 760 606 798 Haec
625 766 752 797 rerum
767 756 892 796 ultima
915 756 1028 798 linea.

76 900 155 938 Tot
172 907 293 938 rotant
311 897 465 936 humana
487 896 582 935 casus
596 925 607 942 ,
636 903 692 934 tot
713 892 996 934 viciffitudines!

69 965 183 1004 Heu!
211 974 300 1016 quot
325 966 450 1004 aeneis
470 966 607 1014 egestas
628 963 776 1014 insuper
801 964 933 1001 vinclis
957 964 1059 1013 ligat!

64 1034 205 1088 Nocte·
217 1036 280 1086 qui
298 1034 434 1084 dieque
454 1044 604 1084 parvum
627 1033 765 1072 liberos
787 1043 956 1072 moerent
977 1046 1148 1085 gregem,

497 1103 599 1142 Dum
621 1109 778 1153 poscunt·
797 1101 966 1154 lacrymis
989 1106 1126 1144 cibum.

69 1243 204 1288 Time,
233 1249 369 1290 mater,
398 1253 488 1291 quos
508 1242 659 1289 creasti,
693 1243 838 1292 Terra,
866 1251 967 1282 natos
986 1243 1150 1285 defens?

69 1309 125 1351 At
142 1313 251 1361 magis
273 1311 422 1352 fortaffe
442 1320 603 1357 atrocem
624 1311 772 1349 sustinet
789 1309 895 1350 dives
917 1313 1065 1358 vicem,

54 1380 271 1420 ‘Adfluente
291 1391 368 1420 non
386 1383 507 1421 beatus
533 1382 668 1431 copia,
699 1381 756 1418 cui
779 1382 988 1421 morbidum

501 1451 648 1501 Corpus
669 1451 872 1490 conficiunt
893 1452 1008 1497 mala;

74 1590 248 1643 Quique,
279 1590 318 1629 in
343 1589 453 1629 altum
473 1598 597 1629 vectus
621 1598 703 1630 ante
723 1589 841 1641 plebis
862 1589 948 1627 aura
969 1590 1124 1637 mobili,

69 1659 248 1706 Labitur,
278 1657 380 1697 fimul
396 1659 546 1709 procaci
570 1659 658 1699 Sors
680 1660 775 1709 pede
797 1658 927 1708 inpulit
949 1668 1089 1708 rotam,

74 1727 266 1781 Qualiter,
299 1727 426 1766 vesana
447 1728 539 1766 Cori
558 1738 640 1765 cum
662 1729 776 1777 quatit
802 1728 921 1766 rabies
943 1739 1090 1776 nemus,

498 1798 667 1850 Quercus
685 1799 811 1837 aetiani
825 1798 976 1837 cadunt.

77 1932 196 1987 saepe-
210 1938 322 1984 ,ebur
332 1937 394 1987 qui
406 1944 492 1976 tunc
510 1936 823 1977 relictumefaece
844 1937 979 1978 scandit
1002 1939 1126 1977 ultima
1137 1966 1153 1986 ,

79 2005 190 2044 Caice
212 2008 369 2056 proterit
389 2008 585 2053 iacentem
616 2006 708 2046 felle
727 2008 843 2046 Livor
863 2006 1031 2056 conspuit
1044 2035 1054 2051 ‚

77 2075 148 2122 Et,
166 2073 373 2115 salutantum
393 2083 559 2115 catervae
579 2076 692 2115 modo
722 2076 860 2124 capacis
882 2076 969 2121 vix,
994 2072 1123 2112 domos

503 2145 653 2184 Vastum
673 2146 742 2184 iam
764 2154 859 2185 tacet
882 2147 1021 2184 atrimn.
