1527 2807
56 286 567 366 ngffgssssspg
612 291 1121 365 ffioffffjc‘ff&

316 487 386 514 IN
451 487 839 517 ΙΜΑοῐΝεε

73 568 625 611 LIBERTATIS
707 568 1092 613 PATRIAE

331 670 846 706 nztnnsonvn.

46 751 238 836 Vivida
267 789 448 829 nobilium
476 792 539 840 qui
572 789 750 839 conspicis
780 800 844 828 ora
871 791 1058 836 virorum,

98 853 205 910 Quos
237 860 295 908 pia
325 859 529 897 Mentoreo
551 858 691 908 sculpsit
715 860 753 897 in
783 869 867 899 aere
891 870 1036 904 manus,

43 918 185 976 Ecquid
209 927 398 965 inardescis
428 938 503 965 non
533 928 717 976 degener,
747 935 784 965 et
814 927 909 966 sacer
932 928 1066 965 horror

97 996 158 1034 Te
185 997 297 1044 quatit
322 994 472 1033 exosum
500 996 647 1033 vincula
675 989 846 1034 servitii?

45 1061 249 1114 Jureca'les.
298 1064 468 1101 Batavum
482 1064 582 1102 calor
595 1063 790 1102 hicdecet.
826 1064 928 1102 Ecce
947 1062 1119 1102 tabellas:

100 1129 308 1169 credideris
337 1135 455 1170 mutos
485 1133 597 1170 libera
627 1134 738 1171 verba
767 1133 882 1182 loqui.

43 1190 254 1238 Publicolas
273 1202 480 1250 Brutosque
502 1200 615 1238 vides.
652 1200 916 1239 Frendentibus
940 1199 1068 1249 Anglis
1082 1228 1093 1246 ,

98 1267 177 1305 Hos
210 1269 314 1307 habet
343 1268 518 1319 indigetes
544 1269 661 1308 Patria
682 1269 803 1307 nostra
837 1269 956 1306 Deos.

45 1330 173 1372 Cantus
200 1348 354 1384 cycneas.

49 1404 195 1454 1783*
717 1416 824 1456 JAN.
880 1418 1118 1447 σιω-τινε.

500 1553 551 1591 ι).
607 1554 668 1591 Μ.

179 1621 562 1687 NICOLA1
617 1648 990 1689 HEINSII.

46 1695 258 1788 Tame.
289 1739 442 1789 Musae,
471 1752 508 1783 et
527 1745 646 1782 omnis
661 1744 843 1783 eruditior

47 1803 340 1850 Pindicllentum
367 1813 469 1850 tu'rba
497 1811 539 1850 ad
561 1814 655 1851 hunc
667 1814 842 1853 tumulum
871 1824 962 1854 tace.

48 1875 149 1915 Alibi
168 1880 310 1917 canoris
326 1881 424 1929 effe,
456 1882 480 1919 fi
511 1882 623 1927 libet,
654 1883 765 1929 licet,

48 1944 150 1984 Alibi
178 1946 340 1988 disertis:
368 1949 462 1987 solus
479 1949 538 1987 hic
566 1958 695 2000 regnet
716 1952 840 2004 stupor
862 1982 875 2001 ‚

48 2009 96 2049 Et
119 2011 304 2052 horridum
323 2016 481 2066 suspiriis
505 2017 707 2064 silentium,

49 2076 98 2117 Et
123 2079 199 2118 vim
227 2079 376 2123 dolendi
410 2085 518 2136 ipsam
549 2087 624 2134 ipse
653 2086 837 2127 suffocans
862 2087 985 2128 dolor.

536 2151 580 2193 D
614 2163 636 2193 2
