1527 2807
586 244 1199 286 ‘122'81‘ac2‘

290 361 377 402 Nec
394 360 515 400 minor
536 357 590 396 est
609 357 679 395 iam
699 353 791 394 fama
811 364 894 396 tuae
916 366 1020 409 quam
1040 354 1255 409 Thybridos
1274 349 1419 405 nadib:

344 433 422 469 Tot
445 438 568 468 vatum
590 428 745 477 egregio
764 427 959 466 nobilitate
979 427 1111 467 chero.

288 500 457 548 Cumque
479 492 608 537 oculis*
623 505 762 537 tantum
786 509 869 538 ante
888 500 959 537 tuis
982 499 1019 537 se
1042 499 1135 536 nuda
1160 494 1359 536 videndam
1378 488 1389 521 ‚j

341 567 555 607 Praebuerit
575 567 702 618 glauca
723 568 872 607 Doride
894 574 974 606 nata
1001 568 1165 616 cohors;

289 637 427 676 Oscula
450 649 547 676 nunc
566 635 680 677 libant
702 636 871 678 Charites
893 637 960 676 tibi
982 637 1111 677 blanda
1135 636 1334 687 Pelasgae,

350 708 459 748 Libat
477 717 515 747 et
533 709 648 748 exuta
675 707 776 746 veste
799 707 928 746 Latina
947 709 1101 747 Venus:

291 775 393 816 Dum
414 778 552 817 nIveos
575 786 672 817 artus
695 776 931 827 formosaque
951 777 1115 817 membra
1135 776 1325 823 lavamur,
1387 796 1392 802 -

346 848 395 886 Et
414 847 539 886 latices
559 847 732 895 subeunt,
767 848 913 886 flumina
935 856 1055 898 grata,
1084 854 1182 884 tuos.

292 915 373 966 m,
398 919 591 968 proprium
613 918 689 956 hoc
710 917 824 957 fuerit
846 918 1009 965 Rheno,
1049 916 1295 956 volventibus
1316 914 1448 965 anni‘sfl

346 989 432 1026 Nec
452 989 576 1026 Batavi
598 986 724 1026 dofkos
750 988 1016 1038 degeneremus
1036 988 1150 1025 avos!

293 1050 412 1096 Patrizi
433 1057 630 1095 Grotiadas
654 1057 712 1096 sed
732 1069 821 1108 quae
844 1059 951 1105 tulit,
981 1056 1301 1107 Heinfiadasque,

349 1122 542 1164 Grot'iadas
563 1126 715 1176 plures,
745 1126 1033 1175 Heinfiadasque
1054 1126 1171 1171 ferat;

297 1188 431 1231 Gffe‘ntis
454 1202 489 1231 et
511 1195 683 1242 antiquae
709 1195 855 1245 genitos
879 1194 924 1233 de
945 1195 1120 1243 sanguine
1141 1194 1311 1241 Dousas,

344 1263 464 1314 Quam
487 1260 590 1300 bello
611 1270 648 1300 et
669 1263 788 1301 Mufis
819 1269 944 1313 partus
965 1262 1115 1300 adornat
1135 1263 1281 1301 honos!

292 1330 352 1367 Ite
367 1357 377 1375 ‚
408 1329 551 1368 animae
573 1329 668 1370 viles
683 1361 693 1378 ,
722 1342 817 1381 quos
845 1331 919 1370 sola
942 1332 1097 1371 illustrat
1115 1333 1227 1381 origo

341 1399 506 1437 Nobilis
520 1429 530 1446 ‚
561 1407 622 1438 aut
642 1401 763 1451 Tyrio
786 1403 899 1442 tincta
919 1403 1050 1442 colore
1069 1411 1167 1452 toga.

296 1469 367 1508 Nil
389 1468 482 1507 mihi
501 1470 696 1510 vobiscum
719 1473 796 1520 est,
831 1474 1138 1523 ingloriaturba:
1168 1471 1319 1518 valete,

350 1539 494 1596 Vulgus
519 1540 644 1587 iners,
675 1551 828 1581 vacuum
857 1541 972 1581 laudis
993 1550 1121 1580 amore
1141 1548 1276 1589 genus.

299 1610 362 1649 Tu
381 1594 534 1655 meniis,
566 1610 628 1658 qui
652 1609 764 1658 longe
788 1611 864 1649 alio
886 1612 1036 1660 vestigia
1060 1609 1204 1655 flectis,

351 1678 555 1729 Aiphene,
584 1688 623 1718 et
645 1680 765 1719 cursus
789 1681 917 1730 dirigis
935 1688 1012 1718 arte
1031 1688 1134 1724 tuos;

299 1742 494 1789 Leidenfis
523 1749 584 1799 pia
604 1748 730 1788 dextra
751 1749 847 1795 fori,
881 1750 918 1787 T
920 1749 1148 1798 hemidisque
1172 1746 1375 1794 sacerdon*

355 1820 429 1858 Cui
453 1822 588 1859 merito
609 1820 743 1859 tabulas
775 1818 932 1858 credidit
960 1820 1023 1858 illa
1052 1819 1139 1856 suns.

308 1887 370 1927 Tu
387 1888 553 1927 melius:
583 1896 622 1926 tu
642 1888 768 1926 nostra
786 1900 920 1935 vocas,
949 1899 1040 1938 quae
1065 1887 1219 1926 fecimus
1245 1889 1343 1938 ἱρῆς
1367 1883 1376 1917 -’

359 1956 426 1994 Sin
448 1957 564 1995 minus
579 1988 589 2004 ,
622 1957 714 1996 haec
734 1957 866 1997 dubiae
887 1968 1039 1996 munera
1061 1959 1168 1997 sortis
1189 1958 1317 1998 habes.

304 2024 402 2065 Nam
422 2024 509 2064 licet
530 2034 570 2064 et
588 2035 731 2065 veteres
751 2028 817 2065 tibi
839 2027 986 2065 servent
1011 2028 1098 2065 atria
1121 2039 1250 2079 ceras,

362 2093 412 2134 Et
432 2094 501 2134 tua*-
511 2093 553 2136 fit
573 2095 689 2137 multo
715 2096 878 2139 Consule
890 2116 893 2118 >
906 2096 999 2137 clara
1016 2096 1146 2138 demus
1164 2112 1179 2146 ς
