1527 2807
415 315 918 348 aznotex.
1148 317 1223 358 ⁶165

420 438 911 469 MELIBOEVS.

112 550 211 605 Quid
238 549 386 600 prodest
404 550 549 600 pietas?
575 549 662 600 quid
685 551 752 589 iam
779 549 900 589 divina
928 551 1062 599 poetae

115 620 312 658 Carmina?
341 617 434 668 quid
454 623 567 659 toties
594 622 727 658 cantati
749 619 929 669 Phyllidis
954 621 1086 667 ignes?

114 690 194 728 Vos
216 687 422 736 invidistis,
452 689 610 738 Superi,
631 689 871 733 melioribus;
901 698 937 727 ct
962 700 1028 726 vos

115 758 309 804 Gaudetis,
341 759 498 809 Superi:
526 758 679 808 Superis
699 769 767 797 nos
787 758 948 805 cedere,
983 757 1034 796 fas
1062 758 1130 797 est.

476 887 847 918 THYRSIS·

114 1000 188 1040 Stat
208 1000 266 1038 sua
287 1000 418 1049 cuique
440 998 517 1038 dies
531 1028 542 1045 ,
572 1011 611 1038 et
633 999 858 1038 inexorabile
879 999 1006 1040 fatum.

111 1069 345 1109 Demeruiffe
363 1069 467 1107 Deos
488 1069 584 1106 iuvat
605 1067 721 1111 haud,
753 1068 948 1107 Meliboee
963 1098 974 1116 ‚
999 1072 1215 1121 precando,

110 1136 295 1187 Donaque
315 1137 530 1187 suspendisse
557 1136 698 1175 tholis:
728 1138 817 1176 haec
840 1141 962 1177 omnia
985 1141 1153 1191 Daphnis

110 1204 282 1251 Fecetat5
310 1217 356 1245 an
384 1209 500 1246 minus
521 1207 574 1246 est
593 1207 734 1257 stygias
756 1208 916 1248 dezrusus
938 1210 980 1248 ad
1004 1211 1114 1251 undas
1131 1211 1151 1249 2

420 1335 914 1369 MELIBOEVS.

113 1451 206 1490 Non
229 1449 358 1488 iterum
379 1457 523 1488 cantans
548 1451 776 1489 cantantibus
798 1451 936 1491 offeret
957 1450 1057 1489 ultro

116 1520 164 1559 Se
183 1519 353 1569 Daphnis
375 1519 547 1567 posthac:
576 1532 659 1569 quas
681 1521 757 1569 spes
771 1550 782 1567 ‚
812 1533 905 1570 quae
924 1530 1010 1558 vota
1030 1521 1203 1562 canebant

115 1587 282 1626 Pastores
306 1598 456 1632 omneS,
486 1596 524 1625 ut
548 1590 718 1639 Daphnis
743 1590 907 1628 viveret!
939 1598 971 1627 at
992 1600 1091 1627 nunc

115 1655 204 1692 Vno
228 1653 439 1706 eodemque
464 1656 581 1697 iacent
600 1666 655 1697 tot
675 1659 778 1708 spes,
805 1666 860 1696 tot
883 1667 970 1697 vota
990 1657 1174 1708 sepulcro.

490 1789 864 1826 THYRSIS.

117 1901 202 1940 Flos
222 1899 338 1941 fuerat
359 1902 551 1953 Daphnis,
585 1902 644 1942 sed
672 1902 741 1941 flos
762 1901 831 1943 fuit
852 1904 916 1943 ille
933 1903 1098 1943 caducus.

121 1969 184 2008 Sic
203 1980 274 2016 ego
296 1970 454 2009 nascenti
485 1973 660 2011 florentia
681 1973 758 2010 lilia
782 1973 880 2018 sole,

118 2037 310 2077 Florentes
333 2039 408 2076 vidi
429 2042 567 2088 violas,
601 2041 650 2079 fic
673 2042 749 2080 sole
769 2040 915 2079 cadenti

119 2104 301 2146 Pallentes
324 2105 441 2145 violas
456 2135 468 2158 ‚
497 2109 674 2159 pallentia
698 2112 775 2150 lilia
796 2110 888 2149 vidi.

630 2225 713 2262 ”²3
