1527 2807
355 196 411 235 86
727 199 1106 230 ntL101At

357 304 442 342 ‘Cor
460 301 626 340 Veneris
649 301 775 340 Latiae
796 301 1007 352 Rutgerfius
1022 332 1032 348 ‚
1066 300 1187 338 Attica
1206 299 1343 346 Pitho,

414 372 538 423 Quem
573 369 702 407 Cirrha
731 371 898 417 asseruit,
928 382 999 409 nec
1023 370 1141 407 minus
1160 370 1263 415 aula,
1293 368 1393 410 fibi.

360 439 430 477 His
461 437 580 475 fretae
609 438 780 487 auspiciis
809 439 1021 489 populatrix
1050 439 1160 475 Parca
1188 439 1363 484 juventae

414 508 577 544 Maxima
606 507 846 557 spondentem
877 509 976 556 rupit
1006 507 1127 555 iniqua
1155 506 1294 543 colum.

361 574 439 613 Tot
467 576 593 613 merita
621 576 711 613 heu!
743 577 956 626 meritisque
986 576 1056 613 dati
1086 572 1224 612 fecistis
1247 574 1436 618 honores,

416 644 469 682 Vt
496 655 594 682 mora
626 643 796 682 flebilior
826 651 895 682 tam
923 651 1121 693 properata
1151 641 1264 681 foret.

1004 737 1108 763 Nlc.
1142 735 1409 764 11131Nstvs.

855 934 883 960 A
939 933 966 960 D

358 1030 396 1071 R
436 1031 622 1072 VLA
664 1032 936 1072 NDVM
1001 1031 1465 1072 KINSCHOT

432 1123 619 1174 Supremae
645 1126 772 1164 litibus
787 1123 992 1172 judicandis
1010 1123 1138 1162 Curiae
1166 1122 1382 1176 Affefforem.

358 1223 441 1310 L
458 1275 520 1303 aus
548 1263 699 1313 speetata
726 1262 837 1310 foro,
868 1275 940 1302 nec
969 1264 1086 1302 avitae
1115 1262 1277 1312 degener
1306 1264 1415 1307 artis.

414 1331 505 1369 Sive
538 1331 652 1369 Erato
681 1343 790 1369 curae
819 1332 895 1378 est,
928 1332 989 1371 seu
1017 1333 1170 1370 Themis
1198 1332 1289 1370 alma
1318 1332 1411 1378 tibi,

358 1398 575 1446 sollicitae,
605 1400 800 1445 Rulande,
831 1408 938 1449 togae
962 1400 1095 1450 largire
1119 1401 1266 1449 reisque

417 1469 526 1515 Otia,
557 1470 640 1508 dum
671 1470 797 1508 noster
827 1477 863 1506 te
892 1468 958 1506 fibi
989 1469 1122 1506 Pindus
1152 1467 1276 1506 habet.

358 1537 451 1577 Non
481 1549 576 1587 eg0‚
606 1551 664 1576 res
694 1549 841 1576 vacuam
865 1538 923 1575 sed
953 1537 1101 1586 publica
1123 1537 1258 1585 flagitat
1279 1547 1415 1576 aurem.

414 1603 549 1651 Gesta,
583 1606 688 1643 fidem
719 1607 885 1654 quamvis
915 1617 991 1644 non
1024 1606 1187 1643 habitura
1216 1616 1322 1643 cano.

358 1672 457 1712 Ecee
482 1674 612 1712 ducem
627 1704 636 1720 ‚
665 1675 804 1720 patriae
823 1673 935 1712 moflo
954 1675 1016 1723 qui
1038 1675 1228 1723 pereuntis
1249 1674 1407 1712 habenas

413 1742 461 1780 Et
481 1743 631 1781 victrice
654 1744 749 1792 regit
771 1745 847 1790 jura
869 1753 988 1782 renata
1009 1755 1138 1781 manu:

359 1808 436 1862 Qui
462 1811 579 1849 Celtis
599 1819 667 1849 tam
692 1811 811 1850 flenda
836 1814 952 1861 gerit,
983 1822 1052 1851 tam
1076 1811 1195 1850 flenda
1213 1811 1421 1858 Britannis,

418 1880 537 1931 Quam
560 1881 738 1919 Libertati
759 1881 855 1920 bella
874 1881 1005 1919 decora
1031 1881 1138 1919 suae:

362 1944 438 2001 Qui
462 1948 639 1997 prostrata
662 1949 759 1988 levat
776 1949 1002 1996 juvenilibus
1023 1962 1117 1988 arma
1137 1950 1305 1997 lacertis,

417 2017 465 2055 Et
483 2015 591 2057 fovet
611 2020 766 2057 attritam
785 2017 887 2058 clade
909 2018 1073 2058 misertus
1094 2018 1263 2057 humum:
