1527 2807
269 263 351 292 xxu
660 263 694 290 1·
728 263 756 290 κ
807 263 834 290 ι)
885 264 908 291 ι
959 266 1001 294 x.

268 357 330 396 Ad
351 357 558 406 Principem
581 356 627 393 de
641 357 827 404 Bssrghes,
856 368 963 405 gente
987 360 1202 400 Castellana.
1255 388 1267 401 .
1292 312 1389 413 ξὲἔ.

267 423 330 462 Ad
352 424 536 461 Comitem
562 424 680 462 Gottl.
704 423 853 462 Ludov.
875 426 1127 474 Schoenberg.
1190 455 1202 468 .
1255 456 1266 468 .
1291 441 1381 479 534.

268 488 311 527 In
330 490 413 527 albo
435 492 560 528 Caroli
588 489 634 527 L.
656 489 831 537 Kaempe.
962 520 974 532 .
1115 520 1126 531 .
1257 522 1268 534 .
1295 506 1386 544 534.

265 556 312 594 In
346 557 517 604 effigiem.
672 582 684 595 .
839 585 852 598 .
1006 586 1019 599 .
1141 588 1152 599 .
1258 589 1269 601 .
1295 572 1384 611 540.

267 621 309 660 In
332 622 480 660 statuam
517 622 599 662 Ioh.
631 624 798 663 Diderici
830 637 899 663 van
925 626 990 664 der
1013 626 1189 676 Capellen
1213 637 1268 665 tot

319 690 390 728 den
412 689 507 728 Pon.
659 719 671 731 .
825 719 837 732 .
968 721 980 733 .
1111 722 1122 734 .
1254 722 1264 734 .
1292 705 1383 743 573.

262 756 325 795 Ad
346 758 431 795 Car.
453 757 621 796 Dunster.
775 786 787 798 .
943 786 955 798 .
1111 788 1123 801 .
1253 788 1265 799 .
1293 763 1384 807 581.

261 824 325 863 Ad
350 825 561 873 ChrIstoph.
590 826 690 863 Guiz.
717 826 984 866 Mitscherlich.
1116 853 1131 866 .
1253 853 1263 864 .
1291 828 1381 874 582.

263 891 324 934 Ad
346 893 435 931 Gul.
454 893 596 933 Annam
619 891 864 933 Lestevenon.
993 919 1006 932 .
1111 920 1124 932 .
1254 920 1265 932 .
1290 894 1383 941 583.

468 1027 623 1066 IOH.
696 1027 1163 1067 SCHRADER.

258 1161 323 1202 Ad
354 1162 555 1201 Bataviam.
687 1189 699 1202 .
829 1188 839 1199 .
973 1187 983 1198 ,
1115 1189 1126 1201 .,
1253 1191 1264 1204 .
1317 1175 1380 1203 21.

400 1296 735 1334 MATTHJAS
788 1296 1234 1336 SIEGENBEEK.

1085 1373 1089 1391 υ

260 1426 302 1464 In
324 1425 435 1467 Laut.
456 1429 687 1473 Smrenium,
718 1440 887 1476 procum.
1017 1457 1030 1468 .
1133 1459 1145 1470 .
1249 1458 1261 1471 .
1286 1442 1376 1481 533.

259 1493 320 1532 Ad
342 1494 456 1534 Laut.
477 1495 684 1533 samenium
709 1497 754 1534 de
778 1498 964 1534 nativitate
985 1496 1103 1535 filioli.
1173 1521 1187 1535 .
1249 1524 1262 1537 .
1287 1509 1376 1548 545.

463 1628 511 1664 G.
574 1628 624 1665 R.
687 1628 732 1666 l'.
796 1628 1161 1668 SISSINK.

255 1758 299 1798 In
319 1769 473 1799 mortem
495 1760 572 1797 Iani
599 1758 834 1797 Broukhufii.
976 1787 988 1799 .
1117 1790 1130 1802 .
1245 1793 1257 1805 .
1288 1769 1374 1814 163.

393 1893 628 1933 GEORG.
678 1894 819 1933 LVD.
876 1894 1228 1935 SPALDING.

251 2014 365 2054 Laut.
390 2010 578 2052 Santenio.
706 2036 722 2051 .
847 2037 864 2052 .
987 2038 1003 2052 .
1113 2039 1129 2054 .
1241 2042 1253 2056 .
1279 2027 1374 2068 547.

1240 2160 1368 2200 Dlo-
