1527 2807
381 303 982 347 ιιῑοιςιοιῖ
1143 303 1229 351 305

99 417 219 458 Miles
250 425 285 456 at
314 416 505 456 insolitum
536 416 622 455 diro
651 427 709 454 me
737 416 865 455 Marte
891 415 1047 464 fatigat.

155 490 209 527 Vt
238 493 316 525 ruat
344 486 534 531 Aonium,
564 487 665 536 quod
696 488 796 526 bene
821 486 963 528 crevit,
995 493 1107 532 opus.

76 558 249 611 ¹Docta,
282 568 390 602 reor,
420 558 585 607 placidus
616 559 688 597 tibi
719 555 886 594 vindicat
913 556 989 592 otia
1017 553 1191 602 somnusj

154 628 277 672 Quem
306 627 486 665 matutino
515 635 665 676 gutture
693 633 840 674 rumpat
869 627 965 663 avis.

100 694 226 734 Paene
254 694 345 732 mihi
374 694 508 735 misero
537 697 698 747 primum
725 702 872 731 terrore
898 692 1071 739 soporem

164 763 367 809 Machina,
400 761 588 803 lethiferis
620 765 769 813 ignibus
801 772 902 806 acia,
933 761 1050 809 fugat.

106 828 205 874 Hic,
237 832 299 868 ubi
331 834 471 882 raptori
501 832 610 870 decus
639 831 718 878 est,
748 834 811 872 ubi
840 833 960 882 gioria
989 828 1142 876 caedes,

159 900 340 938 Luxuriat
365 899 448 940 fuso
477 897 660 951 sanguine
682 902 832 950 pinguis
863 911 962 949 ager.

106 968 276 1007 Permeat
303 970 455 1008 innocui
486 979 635 1016 gentem
664 982 737 1011 nex
765 971 868 1008 saeva
896 968 1053 1017 coloni,

163 1040 269 1078 Civis
301 1048 338 1077 et
367 1039 531 1089 oppreffi
555 1040 686 1078 militis
715 1041 828 1078 instar
856 1039 952 1076 obit.

106 1109 190 1147 Nec
217 1119 320 1159 mage
350 1110 544 1157 virgineae
575 1109 692 1157 parcit
721 1107 864 1145 furiosa
892 1106 1116 1152 cathedrae;

162 1177 281 1215 Tacta
309 1177 448 1226 premit
476 1186 607 1214 vacuas
636 1175 773 1225 glande
802 1178 928 1226 puelia
960 1178 1056 1218 vias.

109 1245 238 1284 vasta.
272 1246 547 1284 Monasterium
577 1246 790 1294 cingentia,
822 1246 971 1284 moenia
1001 1246 1145 1292 testor,

165 1317 315 1368 Quique
346 1316 442 1354 iacet
469 1315 589 1352 multo
618 1315 756 1354 sunere
786 1314 917 1363 plenus
945 1327 1048 1362 ager.

108 1384 213 1428 Hic,
243 1385 308 1421 ubi
336 1382 540 1421 sollicitum
568 1392 711 1421 terrent
740 1383 914 1424 incendia
942 1397 1094 1437 vatem,

166 1455 309 1493 Evocat
337 1461 374 1490 et
400 1452 528 1502 tepido
557 1464 645 1490 cura
679 1462 814 1490 novata
842 1462 946 1495 toro.

108 1525 281 1573 Totaque
313 1523 373 1560 bis
404 1525 516 1561 variis
545 1522 683 1561 obseffa
711 1533 784 1571 ego
813 1526 966 1563 moenia
997 1523 1080 1564 vidi

163 1593 361 1632 Hostibus.
420 1594 527 1631 Haec
555 1592 645 1630 socii
674 1589 749 1630 fata
776 1591 887 1631 fuere
915 1595 984 1634 tui.

112 1665 216 1718 Quin
250 1665 358 1702 eriam
390 1663 526 1700 crebro
558 1659 677 1699 vincit
707 1659 794 1701 dum
827 1664 943 1702 milite
975 1663 1129 1709 Gallus.

168 1735 356 1784 Captaque
385 1734 468 1771 sunt
496 1731 600 1769 victo
626 1730 743 1769 castra
771 1733 948 1770 Britanna
979 1735 1093 1778 loco,

111 1802 259 1842 Nititur
282 1803 318 1840 in
343 1802 468 1842 triviis
485 1797 605 1850 (quid
627 1811 703 1838 non
724 1812 816 1850 gens
840 1803 1011 1852 improba
1028 1802 1200 1854 tentato

165 1870 211 1909 Et
240 1881 322 1909 mea
351 1872 498 1919 captivo
527 1870 689 1909 subdere
716 1870 814 1909 coila
844 1872 947 1922 iugo.

117 1938 231 1978 Anne
261 1949 392 1988 rogas;
419 1941 528 1979 tantis
558 1940 613 1982 est
640 1951 707 1978 cur
739 1941 827 1979 mihi
859 1943 934 1980 vita
962 1941 1116 1992 periclis

172 2004 291 2052 Acta.
321 2008 383 2046 vel
415 2011 508 2048 haec
534 2011 660 2047 animo
689 2021 753 2048 cur
781 2009 960 2059 placuere
990 2010 1104 2048 meo?

115 2079 168 2118 Vt
197 2078 309 2116 liceat
336 2076 473 2115 sacram
503 2079 667 2118 feliciter
701 2080 757 2117 ire
787 2090 856 2128 per
885 2087 1027 2128 artem,

172 2147 220 2189 Et
240 2147 328 2188 dare
349 2157 428 2187 non
449 2147 552 2187 laevi
569 2149 764 2200 pharmaca
784 2149 896 2188 mixta
925 2159 1046 2188 mauu.

715 2216 765 2255 kk
796 2225 819 2267 5
