1527 2807
445 187 463 206 X

423 304 994 342 :ruteni

124 412 242 466 Quam
267 424 330 462 par
354 412 406 450 est
420 442 430 459 ‚
460 412 558 462 quod
578 411 696 451 adhuc
714 420 819 461 potes
840 421 1001 457 nocer-<35

133 480 318 519 Adulator
340 483 454 527 iners,
489 483 776 531 Britanniaeque

129 549 294 588 Mendax
317 554 537 602 mancipium
561 564 718 601 procace
738 553 883 602 lingua,

133 620 220 672 Quo
248 621 299 658 nii
322 623 463 670 turpius
488 622 757 670 inquinatiusve

130 689 379 729 Abiectuinve
400 693 512 741 magis
536 701 658 728 creato
679 693 722 729 ab
743 691 835 729 orbe

132 759 199 798 801
221 772 384 810 umquam
406 763 555 811 gemino
578 761 640 799 sub
661 772 727 799 axe
749 761 862 805 vidit3

135 828 323 882 Quaenam
348 842 384 871 te
409 831 525 869 rabies
548 834 620 881 agit
647 829 862 868 furentem?

139 892 244 936 Talis
266 899 382 937 Curio
408 901 551 938 Caesari
574 902 788 946 Tribunus,

140 968 271 1007 Gentis
291 969 447 1008 dedecus
468 979 507 1008 et
523 970 603 1008 lues
628 975 795 1016 togatae,

131 1034 275 1076 Exutus
295 1039 538 1088 patrimonio,
566 1038 733 1090 Quirites

137 1107 243 1146 Auro
266 1107 455 1154 vendidit,
484 1116 522 1145 et
542 1109 610 1156 pio
634 1107 786 1146 Catonis

134 1175 275 1215 Infecit
302 1178 466 1227 Libycos
486 1185 633 1215 cruore‘
643 1187 806 1225 campos.

136 1246 239 1285 Talis
261 1247 457 1294 Tarquinii
486 1246 595 1285 ferox
616 1244 776 1296 Superbi

141 1315 295 1354 Coniux
324 1315 450 1353 Tullia
470 1317 638 1355 Servium
659 1326 852 1366 parentem

142 1384 264 1423 Curru
289 1385 475 1434 contudit,
505 1392 542 1424 et
566 1386 686 1423 senem
704 1386 848 1434 capillis

139 1454 272 1492 Nisum
297 1455 514 1503 purpureis,
546 1457 695 1492 invante
715 1455 870 1502 somno,

144 1522 326 1567 Orbavit‚
356 1532 485 1561 tenues
510 1522 602 1562 levis
628 1534 695 1572 per
719 1535 817 1562 auras

141 1593 248 1644 Quae
269 1602 367 1629 nunc
387 1589 507 1641 Scylla
527 1604 645 1631 novus
673 1601 819 1640 vagatur
839 1590 938 1637 aies,

142 1660 190 1700 Et
210 1661 255 1698 fic
277 1661 442 1699 devovet
465 1663 673 1710 improbum
694 1661 869 1700 calorem.

143 1732 331 1784 Quaenam
354 1740 390 1769 te
411 1732 526 1770 rabies
557 1733 650 1779 agit,
680 1741 828 1769 veneno

144 1802 315 1850 'surgens
337 1802 484 1851 vipera,
514 1813 620 1851 quam
644 1801 719 1839 finu
740 1798 939 1838 fovemus?

143 1873 231 1913 Tun
249 1900 258 1916 ,
275 1871 417 1909 nostros
436 1881 597 1920 proavos
618 1881 726 1911 vocas
745 1868 926 1918 rebelles,

146 1944 195 1983 Et
211 1954 278 1981 nos
300 1942 516 1991 progentem
537 1942 786 1980 tumultuosam
800 1971 810 1987 ‚

149 2012 269 2061 Atque
292 2013 418 2049 omnes
437 2013 596 2062 pariter,
625 2022 715 2061 quot
732 2020 790 2050 aut
814 2011 988 2055 fuerunt,

150 2083 226 2121 Aut
242 2082 299 2119 his
323 2082 545 2131 temporibus
567 2082 680 2120 sumus
702 2083 847 2125 Batavi,

151 2149 286 2192 Hostes
308 2153 429 2203 pacis,
460 2159 496 2190 et
518 2152 558 2191 in
581 2153 706 2192 Duces
726 2152 909 2200 benignos
