1527 2807
389 227 444 267 66
731 233 1114 263 nercliir.

390 334 430 373 0
463 336 568 381 quam
597 329 742 377 juvaret
772 329 984 380 diligentem
1011 342 1068 370 me
1100 333 1178 378 tui,

443 402 554 446 Flos,
584 408 621 438 et
646 401 815 447 juventae
848 400 983 448 gloria!

390 469 617 509 Felicitatem
657 466 761 506 sortiS
790 467 969 517 ingenuae
1001 477 1095 506 tuam

445 536 566 576 Cuitis
599 547 752 575 monere
778 535 955 576 verfibus.

392 607 508 646 Nunc
535 604 617 643 luce
648 603 745 642 sacta
775 616 856 642 cum
888 613 1010 642 tacere
1043 613 1102 641 me
1131 603 1214 653 pius

443 672 595 711 Amoris
627 671 737 710 ardor
766 671 939 721 impedit,

393 740 604 783 Delineaffe
637 740 726 778 mihi
755 740 889 778 tabella
922 739 962 778 fit
996 740 1075 778 satis

445 809 565 849 Sertis
592 807 718 846 beatae
750 808 964 856 imaginem.

396 878 540 916 coliata
569 875 711 914 vestrae
736 882 815 912 tota
850 887 930 912 cum
974 873 1209 925 respondeat,

448 948 516 986 Par
547 944 745 991 conjugum
774 943 1010 982 lectiffimum.

396 1017 552 1056 Mecum
584 1011 699 1060 agite,
728 1011 832 1048 tantis
860 1012 939 1059 quIs
972 1011 1044 1049 frui
1078 1011 1320 1051 licuit'bonis

449 1084 522 1121 Per
553 1081 713 1130 quinque
747 1078 852 1116 lustra
883 1078 1055 1124 condita,

398 1151 487 1189 Deo
517 1148 682 1199 peragite
715 1146 949 1194 sempiternas
986 1148 1140 1195 gratias,

452 1219 497 1256 Et
526 1223 648 1254 mente
677 1213 828 1251 candida
858 1223 895 1252 et
925 1225 1043 1252 manu.

399 1283 668 1333 Benignitatem
697 1280 744 1318 de
772 1280 832 1318 die
863 1282 901 1321 in
935 1281 1033 1321 diem
1069 1294 1204 1321 novam

455 1354 498 1390 In
528 1361 596 1388 vos
627 1348 763 1388 referte
798 1349 972 1388 laudibus.

400 1420 466 1461 Sic
494 1418 551 1456 fila
577 1417 674 1455 vitae
704 1414 801 1455 lenta
828 1420 890 1467 qui
911 1416 1157 1466 produxerit,

456 1488 505 1526 Et
532 1497 600 1526 vos
630 1484 738 1523 salute
767 1485 948 1531 cinxerit,
1011 1503 1013 1507 ⁴

402 1557 465 1597 Sic
495 1567 572 1595 rem
603 1553 821 1602 domumque
848 1553 909 1601 qui
939 1560 1071 1602 potens
1100 1551 1287 1592 adauxerit

457 1625 520 1662 De
550 1622 634 1662 sede
662 1621 802 1662 sublimi
833 1621 941 1658 Pater

405 1693 578 1742 (Pietate
604 1688 757 1728 candido
792 1687 920 1731 fluenti
949 1688 1101 1736 pectore

459 1759 601 1799 Gaudet
631 1759 751 1804 enirn,
783 1766 819 1794 et
849 1756 997 1794 immota
1029 1755 1125 1804 fide,

405 1826 499 1867 Solo
527 1827 565 1865 in
593 1826 734 1864 recess‘u
761 1832 883 1862 mente
910 1823 1015 1862 dietas
1046 1824 1199 1875 supplici

462 1894 615 1935 Exaudit
642 1904 679 1932 et
706 1893 797 1932 lenis
828 1892 987 1943 preces)

409 1963 491 2003 Vos
520 1963 721 2013 explicabit
750 1962 918 2000 omnibus
946 1959 1150 2009 molestiis,

466 2033 600 2073 Secum
635 2031 795 2072 senectus
820 2042 904 2079 quas
935 2030 1066 2074 trahit,
