1527 2807
355 285 381 314 L
464 284 491 311 Y
573 286 596 313 R
679 287 694 313 Ι
781 286 803 314 C
881 285 909 315 A

57 391 126 429 Vri
149 386 315 440 Phyllida
337 386 456 425 Baffio
476 386 643 426 viclffim.

59 462 96 501 O
119 472 182 510 par
201 458 456 504 comunem,
487 463 525 494 et
545 456 785 506 auspicatum!

59 532 96 569 Ο
115 529 210 568 felix
231 529 291 566 hic
312 535 351 566 et
375 527 460 565 illa!
491 538 573 565 nam
598 526 729 564 caloris

55 601 146 639 Non
167 599 219 637 est
242 597 339 647 quod
367 598 499 646 pudeat
520 598 581 636 vel
603 598 702 636 hunc
725 595 787 636 vel
810 593 926 636 illam.

55 670 182 718 Euge,
210 667 281 705 mel
304 667 482 711 Veneris,
513 665 627 705 faceta
651 665 803 716 Phylli,

56 738 178 790 Phylli
200 735 370 783 candida,
400 736 607 776 mollicella
633 735 777 787 Phylli!

58 807 182 846 Ardes
201 807 402 856 egregium
462 806 546 846 sed*
556 811 614 846 en‘
624 805 801 846 rubescl82

60 877 161 931 Quid
181 877 257 916 hoc
276 888 301 914 o
323 876 429 914 mea?
457 879 586 927 parce!
616 877 748 927 parce!
780 875 935 915 verbum

58 948 154 986 Non
174 946 290 994 addo,
325 946 391 984 tibi
411 956 458 985 ne
482 946 722 985 sororiantes.

60 1013 213 1067 Pingam
237 1018 412 1066 virgineo
433 1014 570 1053 rubore
592 1013 713 1050 malas.

63 1088 126 1126 Tu
146 1097 240 1125 vero
262 1084 368 1124 decus
392 1084 544 1122 unicum
563 1091 731 1129 tuorum,

67 1154 183 1200 Baffi,
212 1162 327 1193 macte
349 1155 500 1199 iterum,
533 1163 672 1201 tuoque
698 1152 776 1192 fato

63 1224 163 1264 Dum
184 1223 324 1274 plaudis
338 1251 348 1269 ‚
379 1233 518 1261 memor
547 1223 658 1273 usque
677 1233 713 1262 et
735 1225 844 1274 usque
867 1221 992 1273 dignas

69 1293 224 1332 Custodi
244 1294 358 1343 genio
380 1292 544 1344 repende
563 1303 701 1342 grates5

68 1363 180 1417 Quod
198 1373 269 1402 tam
291 1362 426 1409 dulcis,
457 1364 697 1413 amabilisque
720 1363 903 1413 nympha,

68 1434 168 1471 Tota
196 1432 330 1477 lactea,
361 1432 512 1471 delicata
531 1442 630 1479 tota,

70 1503 163 1540 Non
184 1501 304 1540 surdas
324 1502 445 1540 habuit
469 1501 604 1541 ferocis
625 1513 744 1540 aures.

71 1572 129 1611 Di
154 1571 295 1618 faxint,
322 1582 480 1621 precor,
511 1582 536 1608 o
560 1570 713 1609 novelle
735 1570 873 1621 Mysta,

68 1642 198 1681 Talem
221 1640 377 1680 foedere
400 1640 458 1681 cui
479 1641 582 1678 brevi
605 1639 766 1690 puellam

68 1707 290 1749 Consortem
308 1708 451 1748 thalami
478 1712 602 1749 marita
622 1713 719 1749 luno
732 1738 744 1756 ,

67 1783 162 1820 luno
181 1781 373 1829 pronuba,
404 1791 481 1819 non
509 1783 628 1830 iniqua
652 1782 800 1829 iungct;

70 1852 122 1887 Vt
149 1851 260 1888 vittae
289 1849 519 1898 Themidoe,
553 1851 761 1900 Cyprisque
781 1856 940 1897 myrtus,

70 1920 242 1968 Longum
261 1921 515 1959 condecorent
534 1925 642 1967 caput
662 1928 729 1966 per
750 1920 896 1955 aevum!

127 1993 144 2025 I
159 2018 168 2034 ,
198 1990 347 2029 Leidam
371 2000 480 2040 pete,
511 1988 656 2033 nostra,
687 1987 774 2038 quid
795 1987 976 2026 moraris?

75 2058 126 2095 Vt
152 2063 215 2107 pal·
234 2058 310 2103 est,
339 2046 451 2097 niveo
475 2062 633 2097 camena
655 2057 796 2108 peplo;

77 2129 129 2168 Vt
150 2140 212 2178 par
233 2129 303 2176 est,
332 2128 484 2183 ‘hederis
505 2128 825 2174 revinctacrine3;
