1527 2807
530 260 1171 304 tanciaed'

261 377 396 424 Curia,
426 386 516 427 quae
534 375 647 414 toties
674 373 827 413 dicentis
849 373 893 412 ab
915 383 982 412 ore
1000 372 1201 424 pependit,·

311 447 456 486 Moesta
482 446 694 485 Senatorem
717 444 857 494 plangit
878 444 984 481 obire
1004 443 1100 481 suum
1114 473 1126 490 ,

251 514 300 556 Et
325 517 576 554 consternatos
598 523 710 563 rupto
731 514 833 551 videt
853 512 985 551 ordine
1008 513 1157 559 Patres,

305 587 411 637 Quos
434 595 510 622 non
532 583 730 633 degeneres
752 582 897 633 publica
918 582 1043 621 damna
1065 586 1233 621 movent}

250 655 391 696 Deficit
418 652 510 693 alma
539 653 718 697 Themis,
750 638 824 690 fido
855 652 1007 702 spoliata
1036 651 1232 702 ministro,

309 728 357 766 Et
375 727 443 765 tria
465 726 681 764 Praetorem
702 724 815 762 verba
835 730 953 762 tacere
976 723 1089 761 iubet.

249 794 547 840 Dordrechtum,
577 805 694 844 puero
716 805 827 831 cunas
848 804 939 843 quae
960 792 1125 842 praebuit
1147 789 1243 830 olim

303 866 400 904 Vrbs
421 873 547 911 vetus,
579 863 713 902 inviffl
733 863 872 901 nobilis
894 862 959 901 illa
979 872 1112 907 manu,-

247 936 549 983 Dordrechtum,
583 945 673 985 quae
693 943 787 972 muta
809 934 894 973 viro
915 932 1100 971 moriente
1121 930 1261 981 rigebat
1270 933 1288 981 ‚‘

304 1006 358 1044 Vt
385 1006 537 1050 Niobe,
568 1003 714 1050 linguae
735 1001 889 1040 crimine
914 999 1001 1038 faeta
1025 1001 1142 1048 sileX,

245 1073 455 1123 Ingeminat
478 1073 545 1111 iam
569 1072 697 1110 mentis
720 1072 852 1121 inops:
886 1069 1057 1110 Crudelia
1078 1072 1214 1110 Parcae

302 1142 487 1188 Numina,
518 1152 602 1189 quas
624 1139 736 1178 surdis
759 1141 904 1179 auribus
928 1140 1000 1179 effe
1025 1141 1147 1187 iuvat,

247 1210 348 1264 Quid
371 1211 496 1259 rapitis
522 1209 614 1248 mihi
648 1207 846 1247 Wittiaden
862 1237 873 1255 ‚
903 1220 983 1247 mea
1006 1210 1081 1246 iura
1103 1208 1200 1249 tueri

300 1280 466 1318 Maxima
485 1280 544 1317 cui
565 1278 654 1316 vivo
675 1287 757 1316 cura
779 1278 954 1327 laborque
974 1276 1072 1316 fuit?

244 1349 477 1391 Publicolam
500 1347 698 1386 miseranda
720 1358 840 1386 meum
862 1346 939 1385 fine
966 1347 1039 1384 fine
1059 1355 1245 1397 reposco:
1291 1341 1295 1346 '

301 1417 373 1457 Sed
397 1429 474 1457 mea
499 1417 681 1467 diripiunt
704 1419 809 1456 irrita
829 1418 938 1455 verba
957 1416 1065 1456 Noti.

244 1489 444 1537 Exsequias
459 1517 467 1533 ,
483 1487 606 1530 cives,
624 1488 739 1535 (quid
760 1488 858 1526 enim
873 1499 1000 1526 moror
1011 1487 1031 1525 2
1043 1485 1058 1533 )
1072 1486 1121 1525 ite
1131 1483 1361 1536 frequentes:-

296 1561 371 1605 Ite‚
405 1557 581 1606 agedum,
613 1556 724 1595 scissis
750 1559 908 1597 vestibus
929 1558 1134 1606 exsequias.

242 1624 292 1666 Et
313 1633 355 1663 tu
373 1626 513 1671 sancta,
542 1624 609 1675 pio
629 1625 809 1673 quondan
831 1637 924 1677 quae
942 1634 1053 1664 tzncta
1075 1634 1210 1664 cruore

297 1694 413 1741 Nunc
437 1693 545 1731 etiam
565 1692 663 1741 luges
677 1721 688 1739 ‚
718 1696 811 1733 orba
835 1695 978 1733 Catone
998 1704 1063 1733 tuo
1079 1723 1089 1741 ‚
1107 1696 1114 1704 ’

241 1765 432 1808 Libertas,
463 1773 655 1801 commune
675 1763 834 1808 bonum,
865 1762 920 1801 fer
942 1762 1036 1801 dona
1059 1763 1254 1814 sepulcro,

297 1835 386 1888 Quo
409 1833 514 1883 super
536 1843 554 1869 e
577 1833 686 1870 Pario
706 1844 888 1871 marmore
908 1834 1027 1882 surgat
1047 1845 1155 1883 opus.

239 1902 344 1944 Haec
368 1903 438 1949 ait,
468 1909 506 1939 et
525 1902 679 1950 geminis
703 1902 920 1940 exstinctum
943 1901 1171 1950 amplectitur
1192 1898 1312 1952 ulnis,

301 1972 552 2020 Algentesque
573 1982 680 2019 genis
712 1982 777 2009 ore
798 1979 983 2010 tremente
1003 1970 1119 2009 fovet.

242 2043 390 2083 Interea
406 2071 416 2089 ,
452 2042 652 2080 Herculeas
674 2042 808 2090 pennis
828 2049 1029 2080 transvecta
1051 2041 1266 2090 columnas,

299 2112 374 2153 Vix
397 2111 568 2153 Thetidis
590 2111 700 2153 subiit
721 2113 848 2154 nuntia
864 2110 958 2154 fama
984 2111 1098 2160 la1e53
