1527 2807
376 329 806 361 ιτιιει.
1063 322 1137 366 263

33 435 137 488 Quae
155 430 248 471 feras
266 438 401 468 vexare
421 429 520 468 suafit
541 429 705 467 horridas
731 427 909 467 dementia
931 459 943 476 ,

12 505 128 550 ‚Nate
146 501 248 540 bello
268 498 431 545 mitiori,
456 509 532 536 non
557 499 715 536 cruentis
738 497 945 546 stragibus?

36 639 171 694 Questa
189 638 236 676 fic
250 637 331 677 Dea
342 637 395 676 est
409 667 421 684 ‚
442 639 608 686 querenti
626 636 672 674 sic
687 637 842 676 Amores
867 641 1060 684 aggemunt
1077 647 1087 674 ε

33 711 113 749 Vae
135 710 307 749 Dionae!
339 718 405 746 vae
433 707 604 746 Dionae!
637 708 744 744 Mors
764 704 916 744 Adonin
935 702 1098 743 abstulit!

32 780 187 818 Interim
210 778 337 816 flentes
359 776 472 816 ocelli
493 785 547 815 tot
567 774 743 813 dederunt
762 774 937 823 guttulas,

38 847 211 888 Guttulae
231 853 319 896 quot
339 857 360 884 e
382 845 533 884 iacentis
561 842 762 881 effluebant
784 841 960 887 vulnere;

37 916 175 956 Sorbfit
193 926 318 954 omnes
339 922 455 960 terra,
487 912 602 950 laetos
627 919 681 949 tot
701 911 889 949 remittens
912 909 1115 950 flosculos:

34 985 236 1024 Procreant
259 981 353 1022 rosas
375 994 552 1031 cruores,
583 989 621 1019 et
642 991 833 1019 anemonas
857 979 1047 1030 lacrymae.

33 1120 88 1160 lte
111 1120 214 1159 fletus
227 1147 241 1168 ,
270 1120 341 1161 ite!
370 1119 536 1171 pulcrum
557 1118 667 1157 Mors
690 1116 839 1157 Adonin
862 1116 1033 1158 abstulit!

35 1188 130 1230 Siste
153 1189 222 1227 iam
241 1199 345 1238 vagas
364 1187 557 1238 querelas,
584 1187 710 1238 linque
733 1188 880 1227 devium
908 1197 1060 1237 nemus,

35 1258 206 1306 Linque,
222 1256 447 1308 Cypria:est
466 1266 609 1307 paratus
630 1267 719 1297 ecce
745 1256 911 1297 Adonidi
935 1256 997 1294 bic
1017 1266 1141 1307 torus,

37 1326 216 1368 Molliori
237 1336 258 1364 e
282 1323 417 1363 fronde
434 1324 555 1364 mollis
572 1353 583 1371 ‚
617 1324 836 1375 roscidoque
856 1336 878 1364 e
905 1328 1090 1375 gramine:

35 1396 139 1436 Haec
163 1394 270 1444 super
289 1394 408 1430 beatus
431 1392 518 1439 ilie,
549 1393 672 1440 Diva,
700 1394 858 1434 lectulus
878 1405 978 1442 tuus,

36 1459 157 1514 Saepe
178 1462 306 1502 vivum
326 1463 388 1512 qui
408 1461 571 1511 ferebat,
593 1473 691 1502 nunc
713 1464 855 1515 recepit
877 1472 1074 1508 mortuum.

39 1534 192 1586 Quanta·
211 1541 362 1570 mortuo
381 1530 570 1570 venustas!
601 1530 848 1572 dormientem
870 1532 1022 1572 dixeris.

40 1603 193 1645 Subiice
211 1610 338 1639 aureae
358 1600 537 1641 nitentem
560 1611 760 1652 purpuram
778 1601 937 1652 spondae
959 1601 1068 1647 viro,

41 1671 168 1712 Nocte
188 1669 259 1721 qua
277 1678 396 1708 tecum
417 1669 605 1709 cubantem
629 1668 748 1709 mulfit
767 1670 965 1710 ambrofius
986 1669 1098 1720 sopor
1106 1682 1122 1717 ς

42 1740 191 1781 Subiice
205 1768 217 1786 ,
247 1745 285 1778 et
307 1737 356 1778 fic
375 1737 478 1778 triste
497 1749 656 1788 corpus,
679 1749 748 1779 ceu
767 1740 890 1788 prius,
909 1739 987 1779 finu
1009 1739 1113 1781 fove.

44 1809 149 1852 Adde
176 1808 289 1848 flores
312 1818 346 1849 et
365 1807 550 1853 corollas3
582 1808 647 1846 ista
668 1807 783 1857 poscit
806 1819 979 1848 munera:

45 1879 138 1918 Sunt
158 1891 207 1918 eo
223 1879 407 1917 moriente
429 1876 543 1915 flores
563 1888 646 1914 cum
663 1877 816 1916 corollis
838 1880 987 1919 mortui.

45 1949 186 1999 Sparge
206 1956 348 1999 myrto,
376 1948 478 1995 tinge
497 1947 612 1985 nardo
627 1977 638 1994 ,
661 1948 762 1996 tinge
782 1947 911 1996 pingui
932 1953 1116 1986 aromate:

43 2019 194 2066 Myrtus
207 2016 353 2063 omnis,
375 2015 506 2053 nardus
528 2017 669 2062 omnis,
691 2027 802 2054 omne
825 2026 944 2053 aroma
958 2015 1156 2062 sordeant,

48 2084 184 2128 Sor-det
209 2095 298 2122 unus
317 2094 399 2122 cum
421 2084 570 2122 Dionae
589 2085 650 2133 qui
673 2083 743 2122 fuit
762 2082 921 2132 fragrans
943 2082 1062 2127 odor,

51 2154 197 2202 Proque
220 2161 340 2204 myrto
352 2178 366 2202 ,
376 2163 517 2205 proque
529 2152 645 2192 nardo
655 2181 665 2198 ,
680 2164 821 2203 proque
833 2153 966 2204 pingui
982 2159 1155 2191 aromate.

590 2230 661 2266 54
