1527 2807
340 227 390 269 96
700 234 1082 265 DELxcxliz

340 335 376 373 O
397 334 529 383 decus,
560 347 584 373 0
606 336 695 374 tanti
716 335 920 385 digniffime
943 337 1105 376 nominis
1127 335 1280 377 haeres:

392 405 570 454 Principe
598 415 675 454 quo
695 406 830 444 merito
850 417 939 455 gens
961 404 1133 443 Medicea
1157 413 1285 444 tumet.

339 472 398 510 Te
422 472 543 521 stupet
563 482 646 512 ante
664 485 814 520 omneS,
845 482 882 512 te
907 474 1052 524 quando
1073 474 1228 513 tolleret
1247 475 1394 521 Arnus,

392 542 480 579 Hoc
503 553 582 581 uno
601 543 720 582 voluit
741 543 777 580 se
796 542 966 592 superare
986 541 1111 583 modo.

337 608 486 648 Exseris
505 611 709 650 aetheream
732 612 836 661 supra
857 620 913 649 tua
935 621 1102 660 tempora
1125 619 1309 657 mentem,

392 679 477 732 Qua
499 687 615 717 tranas
639 680 748 730 patrii
773 679 887 719 fidera
910 680 1042 718 summa
1065 680 1162 729 poli.

336 749 501 788 Maxima
523 749 696 787 nobilitas
719 749 786 787 tibi
811 748 897 787 diva
918 748 1117 787 domestica
1138 746 1280 795 Panas,

392 819 442 857 Et
459 829 550 869 quae
573 817 760 868 Pegafides
780 818 866 855 atria
889 817 1007 855 vestra
1027 817 1172 855 colunt.

333 888 417 939 lpse
439 887 549 935 deus,
583 888 735 926 medicis
758 899 832 938 quo
854 899 965 926 nemo
986 885 1184 937 potentior
1203 879 1350 928 herbis.

391 957 600 1007 Implorare
621 965 717 995 tuam
735 954 870 1007 gaudet
889 955 1042 994 anhelus
1063 965 1189 1005 opem.

338 1027 400 1065 Tu
431 1026 575 1073 reficis,
602 1034 666 1071 tu,
695 1026 835 1073 sanate,
866 1025 998 1068 foves,
1030 1023 1213 1073 iapfasque
1240 1022 1443 1062 camoenas

393 1095 531 1143 Erigis.
561 1094 599 1132 O
622 1093 768 1132 Phoebi
791 1105 868 1132 non
891 1093 1080 1143 pereuntis
1106 1093 1229 1129 amor!

337 1163 399 1203 Te
422 1170 526 1201 canet
551 1162 716 1210 Vranie‚
746 1162 925 1211 nulloque
947 1160 1063 1199 filebit
1090 1161 1125 1197 in
1151 1170 1245 1198 aevo

391 1232 574 1280 Principis
596 1231 785 1279 ingenium
809 1229 1000 1278 Calliopea
1021 1229 1086 1267 sui.

338 1302 432 1343 Non
454 1313 548 1350 opus
573 1307 744 1338 aeternae
767 1297 938 1336 miracula
959 1296 1078 1334 visere
1099 1297 1256 1334 Romae.

391 1369 615 1408 Admiranda
639 1369 770 1417 magis,
802 1377 894 1415 quae
917 1362 1113 1403 Mediceus
1138 1364 1258 1401 habet.

335 1437 405 1479 Nil
428 1437 613 1487 superest,
640 1437 761 1486 magni
784 1436 938 1475 lustrato
959 1435 1110 1479 numine
1134 1432 1276 1470 Cosmi.

394 1506 482 1545 Hoc
504 1506 596 1546 mihi
616 1514 792 1545 terrarum
812 1515 886 1555 pro
909 1503 1104 1542 domitrice
1123 1508 1243 1551 caput.

967 1671 1073 1699 PET.
1113 1663 1382 1697 rRANCIVS.
