1527 2807
346 311 600 345 1111
703 297 1129 342 enoffrr.

161 418 236 458 Iam
262 413 384 454 fontes
405 414 551 464 aperire
576 412 657 452 suos
679 411 879 459 Arethusa,
909 412 1073 451 virentes

213 488 349 528 Henna
367 484 435 523 tibi
457 483 607 521 latebras
626 481 790 533 pandere
817 490 915 531 grata
939 487 1056 533 parat.

161 559 237 600 Hic
267 557 328 594 ubi
347 564 382 594 te
407 553 576 603 gremio,
607 553 706 591 liber
725 563 858 598 auree,
887 552 974 590 bina
999 549 1153 591 viciffim

213 626 411 675 Excipient
434 634 616 662 memores
636 621 786 661 numina
802 622 917 660 amica
938 619 1063 666 Deae;

160 697 335 750 Quaeque
354 694 563 733 Leontinos
589 692 660 731 diri
682 690 942 740 Laestrygonis
960 701 1092 738 agros,

215 766 391 818 Quaeque
413 763 544 814 ErycIs
564 761 699 801 celsum
721 759 877 810 poffidet
907 759 997 797 alma
1016 761 1139 809 iugum
1148 764 1166 809 ,'

160 833 268 874 Flava
291 836 427 878 Ceres,
455 841 648 882 myrtoque
670 841 788 868 comas
812 837 938 866 ornata
959 831 1092 870 Dione
1106 859 1119 880 ,

214 905 400 951 Numina,
429 915 519 954 quae
543 901 697 940 domino
720 899 812 939 culta
838 897 946 938 fuere
966 908 1048 940 tuo.

164 975 200 1014 0
221 976 364 1024 quoties
384 983 461 1012 non
485 970 668 1021 obstupuit
696 978 755 1015 te,
787 967 906 1018 gloria
929 979 1072 1015 vatum.

213 1047 423 1083 Cantantem
444 1051 614 1081 aeternos
637 1040 698 1079 illa
720 1039 779 1080 vel
802 1040 865 1081 illa
886 1040 1032 1080 modos.

163 1114 349 1155 saltabant
368 1114 504 1164 pariter
528 1111 747 1161 Nymphae,
777 1112 990 1163 pariterque
1014 1111 1184 1162 legebant

217 1183 436 1233 Inplicitura
459 1190 560 1220 tuum
585 1181 699 1219 florea
720 1181 810 1220 serta
835 1191 962 1231 caput;

161 1251 342 1292 Sicelides
364 1252 580 1302 Nymphae,
612 1249 925 1300 D1·yadesque,et
948 1251 1137 1299 Oreades,
1157 1260 1194 1291 et
1205 1263 1292 1302 quas

214 1322 328 1360 Forte
353 1320 426 1359 alio
447 1322 570 1370 plures
591 1322 743 1360 nornine
774 1329 868 1359 terra
893 1321 1021 1367 fovet;

166 1390 292 1428 Castae
313 1400 465 1436 omnes,
495 1400 622 1427 omnes
646 1387 791 1428 Divum
812 1399 927 1438 genus
947 1398 985 1428 et
1002 1389 1064 1440 pia
1086 1401 1198 1441 cura,

217 1457 466 1508 Capripedum
491 1457 631 1498 insidiis
654 1459 775 1497 nescia
795 1459 899 1498 turba
920 1460 1016 1510 capi.

163 1528 225 1568 Da
246 1528 417 1574 veniam,
445 1528 613 1578 platanos
647 1528 739 1567 fesso
757 1527 856 1578 quod
875 1529 1002 1578 iniqua
1022 1528 1178 1578 negarit'

218 1598 317 1636 Vrbs
342 1606 471 1644 vetus,
503 1597 751 1636 Andromachi
770 1609 874 1648 quam
899 1597 1058 1646 posuere
1079 1608 1226 1646 manus,

165 1670 446 1714 Tauromenos,
474 1669 616 1707 Bembo
637 1668 831 1715 lustrante,
859 1667 1061 1716 benignior
1080 1667 1197 1714 oliuu

215 1739 275 1777 Da
298 1738 464 1776 veniam:
495 1736 581 1777 facti
604 1736 825 1786 poenituiss'e
849 1743 960 1785 patet.

167 1806 328 1856 Ingenio
349 1805 521 1847 decorata
540 1817 605 1846 tuo
625 1806 800 1854 viresque
819 1804 1002 1852 resumsit,

220 1878 344 1926 Atque
374 1877 504 1916 iterum
527 1874 717 1914 arboribus
738 1875 874 1913 consita
894 1875 1004 1914 vestit
1023 1876 1187 1919 humum*

168 1943 326 1992 Vivite,
355 1943 568 1984 frondentes
592 1945 751 1995 platani,
782 1943 1008 1994 longumque
1029 1949 1173 1995 valete,

222 2012 542 2053 Tauromenitanis
562 2014 686 2052 umbra
708 2022 831 2052 renata
855 2013 958 2052 locis.

171 2081 219 2121 Et
235 2091 273 2119 tu
293 2093 429 2132 operae
451 2081 565 2128 felix,
595 2084 828 2128 Burmanne,
862 2083 1051 2123 laboribus
1073 2085 1153 2124 istis

223 2149 376 2199 Macte,
403 2163 491 2201 age,
520 2152 716 2192 D'orvssio
741 2164 819 2193 non
839 2153 964 2193 minor
985 2154 1064 2206 ipse
1086 2163 1166 2195 tuo.

1294 684 1311 695 ro

1279 741 1297 756 Ἰ
