1527 2807
420 276 829 319 roza-renti

182 391 242 432 Ac
267 390 374 440 nugis
402 390 630 429 Lucumonis
662 389 801 428 inficeti

186 461 321 510 Lyram
351 460 506 497 restituit
533 459 836 507 Propertianam,

183 528 317 577 Lyram
346 527 504 565 restituit
533 525 802 564 Tibullianam0',

181 595 296 634 Nunc
324 605 452 632 omnes
483 604 662 639 veneres3
694 593 808 639 sales,
839 594 1012 645 lepores,

186 661 339 700 Conditi
369 663 543 710 gravitate
573 674 651 700 non
683 661 836 707 severim

180 731 298 769 Nunc
330 730 528 768 domestica
558 729 625 768 dos
652 730 883 776 Latinitatis,

183 798 269 838 Dos
301 799 356 836 illi
386 799 540 848 propria
568 797 854 846 elegantiarum,

182 853 456 914 Denarumque
485 857 599 903 decor
624 858 858 912 facetiarum,

182 935 274 974 Vno
300 932 597 973 contumulantur
622 934 661 971 in
692 933 877 982 sepulcro.

233 1006 360 1054 Luge,
390 1001 613 1047 Hollandia,
643 1000 812 1039 nobilem
840 1002 1010 1050 poetam,

180 1073 260 1125 Qui
289 1073 418 1121 lugere
446 1071 512 1109 suo
542 1080 624 1108 tuos
653 1069 791 1108 solebat

179 1141 292 1179 Vates
321 1140 507 1184 carmine;
541 1137 680 1185 redde,
709 1149 802 1188 quos
833 1138 1013 1187 requirit,

179 1209 287 1262 Quos
316 1207 426 1246 debes
456 1206 564 1254 dare,
596 1216 741 1246 mutuos
769 1206 937 1246 dolores.

175 1277 225 1316 Et
252 1287 318 1314 vos
348 1274 482 1314 solvite
510 1276 708 1321 Manibus,
746 1276 882 1324 poetae
900 1302 911 1320 ,

178 1347 342 1385 Munera
369 1344 508 1383 ultima.
573 1345 682 1382 Ferte
707 1341 792 1382 vina
820 1353 936 1391 pura,

179 1413 291 1452 Ferte
319 1413 472 1462 pinguia
500 1411 628 1450 thura:
657 1412 767 1461 plena
797 1409 920 1448 stffies

181 1481 353 1521 Distinet
381 1475 552 1531 lacrymas
580 1489 705 1518 acerra
734 1478 885 1518 odorasa

182 1549 302 1588 Sacris
333 1549 475 1597 ignibus
506 1548 701 1588 incalescat
728 1559 813 1595 ara,

176 1616 328 1667 Votivis
356 1616 521 1655 redimita
552 1616 592 1654 fit
619 1617 786 1656 coronis.

178 1683 288 1723 Felix
319 1692 502 1734 perpetuo
532 1685 634 1724 locus
665 1685 836 1726 Ciliffum'

179 1751 338 1791 Exhalet
365 1763 531 1799 croton,
561 1764 598 1794 et
619 1755 713 1794 rosas
739 1756 961 1806 fragrantes,

180 1822 297 1861 Natas'
325 1820 456 1872 Elysiis
485 1823 580 1862 rosas
609 1825 647 1863 in
676 1824 824 1872 hortis,

178 1889 228 1929 Et
254 1889 369 1940 spiret
398 1889 581 1940 violisque
611 1891 786 1941 liliisque.

183 1948 368 2008 :insculpta
397 1959 537 1999 interea
565 1958 846 2008 haec-legantur
875 1972 1010 2002 urnae:

184 2025 273 2064 Hoc
300 2027 545 2068 Broukhufius
576 2030 613 2067 in
639 2028 727 2067 loco
754 2028 905 2077 quiescit
925 2054 936 2074 ,

187 2092 325 2135 Suadae
354 2095 472 2144 filius,
505 2098 582 2147 ipse
612 2107 718 2147 quem
747 2095 935 2136 cadentem

703 2179 730 2220 8

1109 273 1181 315 ’1ὲὸ
