1527 2807
270 287 410 335 '231
671 276 1102 317 ιΫίῐὸᾸ.

332 392 518 438 Crucique
550 384 640 423 fixus
664 413 674 429 ‚
719 391 838 422 morte
867 382 1114 422 felicissimam

438 459 562 496 Vitam
594 450 750 491 nefanda
784 451 943 489 finiens?

333 527 368 566 0
401 526 508 564 sortis
545 520 824 560 inconstantiam
854 521 1088 573 mortalium?

442 592 536 632 Dies
571 590 721 628 misellis
753 590 891 629 scilicet

330 663 395 703 Est
428 661 571 709 semper
601 657 842 708 exspectanda
877 658 984 696 nobis
1014 658 1160 705 ultim‘a,

443 732 491 769 Et
523 736 605 766 ante
637 729 734 767 vitae
766 730 962 766 terminum

333 805 462 843 Nemo
494 801 620 837 beatus
651 799 729 837 iure
761 796 1029 837 nominabitur!

443 871 494 908 Vt
528 866 672 907 tradidit
704 864 842 903 Croeso
875 863 1011 902 Solon.

331 939 434 979 Vera
463 938 587 986 quiete
617 935 677 973 sed
709 934 876 973 fruuntur
911 932 1039 971 rustici

440 1006 597 1043 Timore
628 1004 770 1050 semper
801 1002 935 1048 liberi,

334 1077 398 1116 Ne
432 1075 512 1124 quis
545 1071 740 1115 scelestus,
774 1072 837 1121 qui
872 1071 1080 1111 Potentiam
1112 1071 1276 1121 appetit,

440 1145 579 1191 Tingat
610 1141 755 1179 rubenti
786 1142 960 1190 sanguine

335 1213 513 1253 Dextram
543 1208 745 1248 nefandam.
804 1209 940 1247 Donec
971 1210 1115 1258 ignotus
1145 1210 1248 1249 Paris

453 1281 559 1319 Oves
596 1279 755 1329 agebat,
789 1278 853 1316 Ilii

338 1351 453 1391 Vrbis
489 1358 662 1399 paternae
693 1349 863 1396 nescius,
904 1347 1145 1386 suaviffimam

451 1420 572 1458 Vitam
605 1418 798 1464 trahebat,
836 1416 896 1455 sed
931 1416 1020 1456 dein

340 1486 464 1529 Iudex
498 1487 657 1526 Dearum
688 1485 802 1525 factus
824 1515 834 1532 ‚
873 1493 910 1524 et
947 1481 1193 1536 pulcherrim&

454 1558 602 1598 Helena
634 1556 770 1606 potitus
793 1584 804 1601 ,
835 1555 993 1593 Patriam

341 1629 604 1675 Priamumque
641 1624 869 1674 cognoscens
890 1653 902 1672 ,
941 1632 1133 1672 genusque
1169 1623 1336 1672 regium,

450 1688 625 1742 Repente
657 1691 703 1730 de
733 1691 882 1739 fastigio

341 1762 541 1806 Felicitatis
578 1761 617 1798 in
649 1759 873 1810 profundum
904 1760 1048 1809 proruit

443 1830 604 1875 Damni,
642 1829 892 1878 malorumque
926 1830 1107 1867 omnium.

348 1899 540 1940 Mansisset
568 1908 593 1936 o
624 1898 650 1936 fi
682 1898 786 1936 sortis
822 1898 950 1937 inscius
981 1898 1082 1947 suae,

452 1971 543 2007 Non
575 1969 716 2005 Hector
745 1967 880 2005 infelix
909 1968 1014 2017 equis

350 2038 553 2079 Distractus
587 2036 701 2081 effet3
741 2046 816 2075 non
846 2037 952 2074 miser
984 2037 1116 2086 Pyrrhi
1154 2048 1267 2079 manu

456 2105 652 2145 Cecidiffet
684 2112 766 2145 ante
795 2115 871 2144 aras
904 2106 1013 2144 senex
1024 2117 1035 2152 ;
