1527 2807
343 200 393 242 14
605 186 790 229 Lina.
847 190 1156 229 SANTENll

343 350 380 388 Ο
400 349 555 397 Frugum
576 348 780 394 inventrix,
811 361 835 386 ο
859 348 1002 396 Legum
1024 358 1159 393 mater,
1187 347 1379 395 Athenae,

397 428 461 466 Lis
484 427 589 465 semel
611 427 763 464 aeternis
787 427 893 475 digna
914 424 1020 464 fuiss'e
1042 427 1146 465 Deis.

342 505 629 552 semideumque
650 505 754 543 ferax
773 505 876 554 regio
889 534 900 552 ‚
929 502 1159 552 Morumque
1179 505 1363 553 magistra,

393 583 575 620 Virtutum
596 583 750 631 genitrix
763 611 775 628 ,
790 583 1022 631 ingeniique
1043 594 1170 630 parens
1183 594 1195 628 3

343 660 493 700 Artibus
515 673 538 699 o
562 662 722 709 populos
747 670 783 697 et
815 660 1028 700 demeruiffe
1049 662 1226 709 repertis,

395 739 446 776 Et
468 740 605 784 Sacro,
633 749 670 776 et
688 749 812 786 gentes
833 739 920 790 Jure
942 740 1062 778 beaffe
1082 749 1238 788 potens.)

340 816 500 867 Quando
523 817 615 862 erit,
643 826 684 854 ut
703 819 815 854 multa
836 818 976 865 capiam
999 828 1059 864 te,
1090 817 1427 864 Graecia‚mente‚

393 895 443 932 Et
463 895 638 943 juvenum
660 894 849 932 incendam
868 898 994 943 pee‘tus
1018 907 1140 933 amore
1163 896 1246 932 tui?

340 972 376 1010 O
401 972 684 1011 Demosthenico
708 984 803 1020 quae
825 973 974 1012 fulmine
993 973 1196 1019 inhorruit,
1225 974 1327 1010 aura!

392 1050 513 1098 Aura,
543 1051 741 1099 philippeis
761 1064 835 1090 non
855 1051 1039 1090 subeunda
1060 1051 1169 1090 dolis.

339 1128 375 1166 O
399 1129 462 1175 qui
482 1139 540 1166 me
562 1129 738 1177 liquidum
760 1129 907 1178 Cephisi
930 1140 1050 1179 portet
1070 1130 1116 1168 acl
1137 1139 1295 1174 amnem,

390 1206 441 1244 Et
459 1206 566 1253 dignzi
584 1208 754 1246 aethereo
776 1207 906 1246 fronde
930 1208 1079 1246 Platone
1102 1209 1218 1255 tegat!

337 1283 373 1320 O
396 1284 459 1331 qui
480 1295 538 1321 me
560 1283 651 1322 sistat
671 1286 800 1333 lapsam
822 1286 869 1323 ad
891 1285 1091 1324 Tritonidis
1114 1287 1246 1323 Arcem
1260 1312 1272 1329 ‚

389 1360 565 1408 Rudem,
594 1363 803 1411 Mopsopio
827 1375 922 1400 nuuc
945 1372 1099 1411 quoque
1121 1362 1233 1410 sparsa
1254 1359 1354 1399 solo!

336 1438 457 1488 Quam
479 1450 651 1487 cuperem
674 1442 757 1480 inde
775 1443 864 1480 meis
885 1443 1035 1479 buccam
1058 1441 1255 1488 decerpere
1276 1440 1422 1486 Belgis.

388 1517 465 1554 Aut
483 1517 614 1556 folium
638 1529 684 1556 ex
706 1521 811 1565 olea,
841 1519 960 1565 Diva,
987 1521 1121 1559 referre
1145 1521 1227 1558 tua!

334 1593 426 1633 Non
447 1606 517 1643 ego
537 1596 715 1634 destrue'to
737 1596 899 1635 dubitem
919 1598 1161 1645 procumbere
1182 1597 1344 1643 templo,

390 1673 440 1710 Et
462 1674 545 1711 dare
566 1683 637 1711 tam
656 1673 780 1712 sanetis
802 1677 930 1714 oscula
948 1676 1123 1723 reliquiis.

336 1751 424 1802 Quo
447 1763 562 1799 vagor
581 1752 816 1799 imprudens?
841 1765 921 1791 mea
943 1753 1048 1791 Musa
1068 1753 1260 1791 revertitur
1278 1751 1324 1790 ad
1341 1762 1402 1799 te,

388 1829 488 1880 Qui,
516 1830 605 1878 quid
625 1841 748 1877 again,
776 1841 813 1869 et
835 1833 955 1870 causas
976 1832 1142 1880 quaeris,
1164 1832 1452 1878 amice‚motae.

336 1908 396 1947 Sic
416 1909 524 1956 igitur
544 1906 668 1946 studiis
688 1919 790 1948 tento
812 1921 988 1948 exornare
1007 1909 1141 1948 severis

384 1986 672 2034 Discipulosque
693 1998 796 2026 meos
809 2016 820 2034 ,
847 1991 975 2036 peftus
995 1997 1031 2026 et
1052 1988 1127 2036 ipse
1144 1997 1282 2026 meum.

333 2065 395 2105 Sic
416 2075 486 2112 ego
508 2066 720 2112 praeteritos
743 2077 859 2104 conor
877 2065 996 2114 sopire
1017 2066 1162 2104 dolores
1176 2093 1189 2111 ‚

385 2142 466 2181 Hac
489 2154 559 2192 ego
580 2144 775 2183 brumalem
795 2143 967 2192 decipere
984 2154 1058 2183 arte
1077 2144 1187 2183 diem.
