1527 2807
307 267 889 328 :mutinen
1075 292 1178 340 4²9st

43 396 117 436 me
146 396 211 436 vel
242 395 395 435 invitam
427 397 519 435 recti
550 406 589 436 te
619 397 792 438 incendet
818 407 977 446 amore,

99 466 267 515 Eloquio
299 465 425 504 flectet
456 465 505 504 fic
531 476 589 504 tua
618 467 733 506 corda
761 467 841 505 suo.

45 537 82 576 1s
110 535 259 584 quoties
290 533 404 572 sontis
432 532 616 573 damnarit
635 536 790 574 crimina
820 537 942 584 vitae,
1004 543 1009 545 ’

105 604 270 645 Crimina
296 604 334 641 iu
360 611 552 642 aeternum
580 606 739 654 quisque
768 608 1049 657 perosuserit3
1113 610 1117 613 ’

47 675 233 726 Virtutem
261 673 410 723 quoties
439 673 539 712 culto
568 674 773 715 laudaverit
798 686 868 715 ore
887 705 898 721 ,

103 740 262 782 Virtutis
291 742 419 790 cupiet
447 754 600 793 carpere
627 744 782 793 quisque
810 745 932 791 viam3

52 811 263 853 commoda
293 809 455 849 sidereae
485 812 634 860 quoties
663 815 872 852 narraverit
908 814 1034 866 aulae‚·
1062 853 1068 856 .

107 885 280 937 Quisque
308 881 416 920 volet
446 881 568 919 sordes
607 881 803 929 linquere,
829 890 946 930 terra,
975 897 1065 925 tuas.

47 953 134 992 Nec
163 961 326 990 vereare
350 976 364 999 ,
392 948 507 988 ferox
539 948 565 986 fi
587 949 751 999 *quando
780 951 942 1001 insurgat
973 955 1171 1006 Avernus,

111 1023 248 1062 Suetus
278 1022 316 1058 in
348 1028 536 1057 aeternum
565 1017 661 1054 bella
692 1029 846 1057 movere
882 1023 1038 1071 polum,-

54 1076 312 1140 Pectoraque,
342 1099 360 1125 a
390 1088 474 1126 veri
505 1085 692 1126 deducens
713 1090 889 1138 tramite,
919 1100 1042 1135 tentet

109 1161 296 1199 Enetum
326 1158 466 1207 laqueis
494 1155 716 1205 implicuisse
746 1157 839 1196 suis:

51 1227 217 1268 Fortiter
247 1229 278 1267 is
307 1229 444 1266 causam
474 1224 680 1264 defendere
711 1227 818 1266 novit
848 1228 1027 1280 Olymji,

114 1297 258 1346 Dirigit
288 1299 406 1346 inque
434 1297 558 1334 hostes
588 1295 722 1343 spicula
753 1307 851 1335 certa
877 1302 953 1339 dci.

62 1364 214 1415 Pulpita
247 1365 406 1405 Leidani
437 1363 545 1403 testes
576 1363 645 1402 lint
673 1363 782 1401 docta
810 1363 951 1414 Lycei,

113 1436 245 1476 Movit
273 1437 336 1474 ubi
376 1437 489 1474 toties
519 1434 684 1483 pectoris
713 1444 812 1470 arma
840 1435 908 1474 sui.

56 1503 305 1553 Auguror,et
333 1506 426 1543 ratio
455 1505 509 1544 est
533 1503 627 1540 mibi
658 1503 873 1541 coniectura
903 1503 1035 1554 futuri,

113 1572 274 1622 Expetet
302 1575 365 1613 has
394 1575 499 1614 dotes
530 1573 650 1623 patria
672 1579 747 1609 tota
777 1573 910 1615 brevi:

52 1639 216 1679 Amstela
243 1639 472 1694 praecipue,
505 1643 618 1680 toties
644 1642 1035 1693 qui,lane‚parentis

114 1702 175 1748 ‘Ad
205 1721 338 1752 vocem
366 1713 517 1752 attonita
552 1711 689 1749 lentior
726 1710 794 1749 ivit
822 1716 931 1762 aqua,

60 1779 110 1818 Et
137 1792 213 1818 non
242 1782 470 1831 degenerem
510 1780 648 1828 patriae
679 1780 825 1818 virtutis
860 1792 899 1822 et
935 1785 1032 1834 oris,

114 1839 303 1888 Gaudebit
339 1848 510 1887 sobolem
540 1848 644 1899 poss'e
674 1846 807 1887 fovere
836 1849 925 1889 finu-

59 1915 159 1955 ‘rum
183 1919 333 1966 quoties
363 1917 464 1956 dicet
483 1945 495 1964 ,
525 1918 624 1955 culta
653 1917 738 1955 dum
769 1928 860 1958 νοω
886 1929 1062 1970 peroras,

111 1987 182 2024 lue
211 1998 312 2025 meus
341 1985 532 2034 quondam
561 1985 643 2024 talis
676 1987 872 2026 Honertus
899 2000 1004 2035 erat3

58 2056 169 2095 Talis
198 2063 302 2100 erat,
322 2054 440 2103 dicet,
467 2056 661 2104 vultusque
692 2055 877 2106 statusque
909 2059 1123 2110 loquentis,

114 2123 266 2174 Oraque
291 2133 366 2163 tam
393 2124 509 2164 doctis
538 2120 652 2166 solvit
678 2134 718 2166 et
746 2127 815 2166 ille
845 2129 964 2168 sonis.
