1527 2807
482 305 906 349 Liniea.

132 402 329 464 'coeloque
359 411 461 452 ciaro
488 415 544 454 sol
573 417 738 454 vhentes
767 414 893 465 aspicit

243 487 425 534 Campos,
454 493 493 524 et
519 497 644 523 arvum
674 483 823 531 fertile3

133 552 315 602 Effringit
342 553 412 592 ille
435 548 590 604 'cespites
620 555 799 602 inutiles,

238 622 449 672 Rursusque
478 624 515 661 in
546 625 734 674 obliquum
763 626 867 675 sagax

130 691 342 741 Perrumpit
366 703 451 730 arva
478 692 571 730 nuda
599 694 708 732 verso
735 705 911 742 vomere,

239 763 323 801 Nec
351 762 437 801 solis
465 763 578 800 evitat
607 762 732 808 iubar,

132 830 185 869 Vt
214 830 305 868 laeta
332 830 485 870 adornet
513 830 674 880 'copiosis
704 831 836 869 horrea

243 901 407 950 Benigna
435 900 598 939 meffibus
624 900 727 948 Dea,

138 969 252 1006 Viros
279 955 395 1006 aratro
424 970 541 1018 prima
568 978 659 1016 quae
686 974 910 1010 convertere

246 1038 426 1076 Instruxit
455 1037 590 1075 inscios
619 1036 782 1076 humum.

137 1107 188 1146 At
214 1117 239 1144 o
267 1105 424 1154 benigna
452 1104 668 1144 rusticorum
696 1108 890 1158 tempora!

245 1173 281 1212 Ο
309 1175 386 1212 vita
412 1171 515 1214 certe
544 1176 724 1214 amabilis!

140 1246 232 1282 Cum
257 1239 354 1282 laeta
381 1243 548 1293 pastores
581 1245 773 1284 tenelluias
802 1246 893 1284 oves'

248 1315 320 1353 Per
349 1322 432 1351 arva
460 1311 618 1361 ducunt,
648 1319 685 1351 et
713 1324 862 1362 gregem

139 1372 266 1423 Primo
293 1381 445 1419 lavatum
473 1382 581 1419 mane
611 1392 677 1431 pet
705 1381 843 1420 virides
871 1383 977 1432 agros*

250 1449 378 1498 Agunt
407 1448 451 1486 ad
480 1448 592 1486 undas
620 1451 772 1489 vitreas!

141 1519 241 1558 Dum
271 1517 393 1568 pastor
421 1519 525 1568 ipse,
551 1525 650 1566 grata
677 1517 806 1556 mentis
837 1517 913 1554 otia

247 1585 322 1624 Sub
350 1583 484 1625 fronde
510 1593 654 1635 captans
681 1585 811 1630 ardua.

141 1655 273 1697 Laetas
303 1653 482 1704 capellas,
513 1650 629 1693 [aetus
658 1654 750 1704 ipse,
784 1662 944 1702 reci-ean

251 1726 350 1765 Dum
378 1723 561 1763 cantilena
589 1723 734 1762 amabili

143 1793 352 1837 Permulcet
376 1792 510 1840 undas5
538 1799 641 1842 atque
669 1799 859 1845 campum,
887 1803 925 1836 et
953 1795 1065 1845 aera,

255 1862 475 1913 Sylvamque
504 1861 622 1900 reddit
646 1863 828 1912 vividam,

147 1929 201 1972 Vt
225 1941 320 1982 grata
347 1930 474 1980 pronis
503 1931 719 1971 concinenti
747 1931 939 1974 frondibus

257 2000 368 2040 1ustas
396 1999 572 2049 rependat
598 2003 742 2051 gratias.

152 2068 194 2112 si
222 2070 304 2118 quis
331 2066 470 2118 q'uietus
502 2069 659 2112 semitam
687 2075 785 2112 vitae
812 2071 903 2113 velit

263 2137 385 2188 Vsque
411 2140 614 2190 ambulate,
643 2149 682 2182 et
710 2140 859 2181 horrida

691 2220 760 2261 52

1119 300 1203 356 {m
