<?xml version="1.0" encoding="UTF-8"?>
<!DOCTYPE html PUBLIC "-//W3C//DTD XHTML 1.0 Transitional//EN"
    "http://www.w3.org/TR/xhtml1/DTD/xhtml1-transitional.dtd">
<html xmlns="http://www.w3.org/1999/xhtml" xml:lang="en" lang="en">
 <head>
  <title>
</title>
<meta http-equiv="Content-Type" content="text/html;charset=utf-8" />
  <meta name='ocr-system' content='tesseract 3.04.00' />
  <meta name='ocr-capabilities' content='ocr_page ocr_carea ocr_par ocr_line ocrx_word'/>
</head>
<body>
  <div class='ocr_page' id='page_1' title='image "./carmina00santuoft_0531.png"; bbox 0 0 1527 2807; ppageno 0'>
   <div class='ocr_carea' id='block_1_1' title="bbox 397 322 1155 360">
    <p class='ocr_par' dir='ltr' id='par_1_1' title="bbox 397 322 1155 360">
     <span class='ocr_line' id='line_1_1' title="bbox 397 322 1155 360; baseline 0.003 -10"><span class='ocrx_word' id='word_1_1' title='bbox 397 322 825 352; x_wconf 69' lang='grc' dir='ltr'>ιτιιει.</span> <span class='ocrx_word' id='word_1_2' title='bbox 1052 322 1155 360; x_wconf 76' lang='lat'>-293</span> 
     </span>
    </p>
   </div>
   <div class='ocr_carea' id='block_1_2' title="bbox 39 416 1037 678">
    <p class='ocr_par' dir='ltr' id='par_1_2' title="bbox 43 416 1037 537">
     <span class='ocr_line' id='line_1_2' title="bbox 43 416 1037 469; baseline 0.003 -12"><span class='ocrx_word' id='word_1_3' title='bbox 43 416 74 466; x_wconf 61' lang='grc' dir='ltr'>ὖ</span> <span class='ocrx_word' id='word_1_4' title='bbox 99 417 151 458; x_wconf 86' lang='lat' dir='ltr'>Vt</span> <span class='ocrx_word' id='word_1_5' title='bbox 176 429 308 469; x_wconf 80' lang='lat' dir='ltr'>nempe</span> <span class='ocrx_word' id='word_1_6' title='bbox 330 420 438 458; x_wconf 89' lang='lat' dir='ltr'>Luna</span> <span class='ocrx_word' id='word_1_7' title='bbox 456 427 492 457; x_wconf 88' lang='lat' dir='ltr'>et</span> <span class='ocrx_word' id='word_1_8' title='bbox 511 417 674 466; x_wconf 76' lang='lat' dir='ltr'>Aeolus,</span> <span class='ocrx_word' id='word_1_9' title='bbox 705 419 874 464; x_wconf 80' lang='lat' dir='ltr'>Vahalis,</span> <span class='ocrx_word' id='word_1_10' title='bbox 904 418 1037 467; x_wconf 73' lang='lat' dir='ltr'>Mosa.</span> 
     </span>
     <span class='ocr_line' id='line_1_3' title="bbox 45 486 912 537; baseline -0.002 -9"><span class='ocrx_word' id='word_1_11' title='bbox 45 516 72 536; x_wconf 91' lang='lat'>,‚</span> <span class='ocrx_word' id='word_1_12' title='bbox 100 486 426 528; x_wconf 85' lang='lat' dir='ltr'>Confoederentur</span> <span class='ocrx_word' id='word_1_13' title='bbox 448 499 530 525; x_wconf 89' lang='lat' dir='ltr'>cum</span> <span class='ocrx_word' id='word_1_14' title='bbox 553 488 800 537; x_wconf 85' lang='lat' dir='ltr'>tridentigero</span> <span class='ocrx_word' id='word_1_15' title='bbox 821 488 912 526; x_wconf 84' lang='lat' dir='ltr'>deo.</span> 
     </span>
    </p>

    <p class='ocr_par' dir='ltr' id='par_1_3' title="bbox 39 556 894 606">
     <span class='ocr_line' id='line_1_4' title="bbox 39 556 894 606; baseline -0.001 -10"><span class='ocrx_word' id='word_1_16' title='bbox 39 584 66 606; x_wconf 86' lang='lat'>‚‚</span> <span class='ocrx_word' id='word_1_17' title='bbox 98 558 200 606; x_wconf 83' lang='lat' dir='ltr'>Ergo</span> <span class='ocrx_word' id='word_1_18' title='bbox 222 558 372 602; x_wconf 84' lang='lat' dir='ltr'>timetis,</span> <span class='ocrx_word' id='word_1_19' title='bbox 404 556 540 602; x_wconf 87' lang='lat' dir='ltr'>credo,</span> <span class='ocrx_word' id='word_1_20' title='bbox 569 567 617 594; x_wconf 90' lang='lat' dir='ltr'>ne</span> <span class='ocrx_word' id='word_1_21' title='bbox 637 557 782 598; x_wconf 85' lang='lat' dir='ltr'>coelum</span> <span class='ocrx_word' id='word_1_22' title='bbox 806 566 894 597; x_wconf 85' lang='lat' dir='ltr'>ruat.</span> 
     </span>
    </p>

    <p class='ocr_par' dir='ltr' id='par_1_4' title="bbox 41 624 822 678">
     <span class='ocr_line' id='line_1_5' title="bbox 41 624 822 678; baseline -0.003 -12"><span class='ocrx_word' id='word_1_23' title='bbox 41 652 72 677; x_wconf 90' lang='lat'>„</span> <span class='ocrx_word' id='word_1_24' title='bbox 99 627 291 678; x_wconf 81' lang='lat' dir='ltr'>Negligite</span> <span class='ocrx_word' id='word_1_25' title='bbox 312 635 425 665; x_wconf 72' lang='lat' dir='ltr'>vanos</span> <span class='ocrx_word' id='word_1_26' title='bbox 445 624 579 663; x_wconf 79' lang='lat' dir='ltr'>omin1s</span> <span class='ocrx_word' id='word_1_27' title='bbox 603 632 703 662; x_wconf 84' lang='lat' dir='ltr'>vates</span> <span class='ocrx_word' id='word_1_28' title='bbox 726 625 822 664; x_wconf 83' lang='lat' dir='ltr'>mali.</span> 
     </span>
    </p>
   </div>
   <div class='ocr_carea' id='block_1_3' title="bbox 44 764 1044 2192">
    <p class='ocr_par' dir='ltr' id='par_1_5' title="bbox 45 764 918 873">
     <span class='ocr_line' id='line_1_6' title="bbox 45 764 918 815; baseline -0.002 -12"><span class='ocrx_word' id='word_1_29' title='bbox 45 766 148 803; x_wconf 87' lang='lat' dir='ltr'>Inter</span> <span class='ocrx_word' id='word_1_30' title='bbox 177 775 216 803; x_wconf 85' lang='lat' dir='ltr'>ea</span> <span class='ocrx_word' id='word_1_31' title='bbox 237 777 385 815; x_wconf 86' lang='lat' dir='ltr'>magnae</span> <span class='ocrx_word' id='word_1_32' title='bbox 406 765 569 805; x_wconf 87' lang='lat' dir='ltr'>Domina</span> <span class='ocrx_word' id='word_1_33' title='bbox 589 764 789 802; x_wconf 86' lang='lat' dir='ltr'>concilium</span> <span class='ocrx_word' id='word_1_34' title='bbox 813 771 918 801; x_wconf 88' lang='lat' dir='ltr'>vocat</span> 
     </span>
     <span class='ocr_line' id='line_1_7' title="bbox 46 833 772 873; baseline 0 -3"><span class='ocrx_word' id='word_1_35' title='bbox 46 833 167 872; x_wconf 83' lang='lat' dir='ltr'>Fatale</span> <span class='ocrx_word' id='word_1_36' title='bbox 190 835 335 873; x_wconf 82' lang='lat' dir='ltr'>Gentis.</span> <span class='ocrx_word' id='word_1_37' title='bbox 393 836 454 872; x_wconf 84' lang='lat' dir='ltr'>Ire</span> <span class='ocrx_word' id='word_1_38' title='bbox 474 833 662 872; x_wconf 85' lang='lat' dir='ltr'>defensum</span> <span class='ocrx_word' id='word_1_39' title='bbox 684 833 772 871; x_wconf 90' lang='lat' dir='ltr'>boni</span> 
     </span>
    </p>

    <p class='ocr_par' dir='ltr' id='par_1_6' title="bbox 47 901 714 954">
     <span class='ocr_line' id='line_1_8' title="bbox 47 901 714 954; baseline 0 -15"><span class='ocrx_word' id='word_1_40' title='bbox 47 901 183 952; x_wconf 85' lang='lat' dir='ltr'>Populi</span> <span class='ocrx_word' id='word_1_41' title='bbox 205 903 351 942; x_wconf 83' lang='lat' dir='ltr'>salutem</span> <span class='ocrx_word' id='word_1_42' title='bbox 369 917 380 949; x_wconf 92' lang='lat'>;</span> <span class='ocrx_word' id='word_1_43' title='bbox 410 902 552 942; x_wconf 86' lang='lat' dir='ltr'>fibilare</span> <span class='ocrx_word' id='word_1_44' title='bbox 573 903 714 954; x_wconf 76' lang='lat' dir='ltr'>viperIs</span> 
     </span>
    </p>

    <p class='ocr_par' dir='ltr' id='par_1_7' title="bbox 44 968 990 1296">
     <span class='ocr_line' id='line_1_9' title="bbox 49 968 990 1018; baseline 0 -8"><span class='ocrx_word' id='word_1_45' title='bbox 49 971 198 1010; x_wconf 85' lang='lat' dir='ltr'>Furiale</span> <span class='ocrx_word' id='word_1_46' title='bbox 223 972 440 1010; x_wconf 86' lang='lat' dir='ltr'>monstrum.</span> <span class='ocrx_word' id='word_1_47' title='bbox 497 970 689 1010; x_wconf 86' lang='lat' dir='ltr'>Fluctuant</span> <span class='ocrx_word' id='word_1_48' title='bbox 707 972 817 1010; x_wconf 86' lang='lat' dir='ltr'>animi</span> <span class='ocrx_word' id='word_1_49' title='bbox 842 968 990 1018; x_wconf 72' lang='lat' dir='ltr'>virssm,</span> 
     </span>
     <span class='ocr_line' id='line_1_10' title="bbox 45 1039 922 1089; baseline 0 -11"><span class='ocrx_word' id='word_1_50' title='bbox 45 1039 99 1078; x_wconf 89' lang='lat' dir='ltr'>Vt</span> <span class='ocrx_word' id='word_1_51' title='bbox 117 1041 245 1086; x_wconf 88' lang='lat' dir='ltr'>dubia,</span> <span class='ocrx_word' id='word_1_52' title='bbox 267 1050 397 1079; x_wconf 79' lang='lat' dir='ltr'>ventos</span> <span class='ocrx_word' id='word_1_53' title='bbox 421 1041 516 1078; x_wconf 85' lang='lat' dir='ltr'>inter</span> <span class='ocrx_word' id='word_1_54' title='bbox 542 1040 726 1089; x_wconf 86' lang='lat' dir='ltr'>oppostos</span> <span class='ocrx_word' id='word_1_55' title='bbox 746 1039 895 1089; x_wconf 86' lang='lat' dir='ltr'>stupens</span> <span class='ocrx_word' id='word_1_56' title='bbox 911 1068 922 1084; x_wconf 90' lang='lat'><strong>‚</strong></span> 
     </span>
     <span class='ocr_line' id='line_1_11' title="bbox 44 1107 982 1162; baseline 0.002 -17"><span class='ocrx_word' id='word_1_57' title='bbox 44 1109 194 1162; x_wconf 69' lang='lat' dir='ltr'>lgqorat</span> <span class='ocrx_word' id='word_1_58' title='bbox 219 1110 337 1156; x_wconf 87' lang='lat' dir='ltr'>unda,</span> <span class='ocrx_word' id='word_1_59' title='bbox 364 1120 470 1158; x_wconf 82' lang='lat' dir='ltr'>quem</span> <span class='ocrx_word' id='word_1_60' title='bbox 493 1107 586 1146; x_wconf 89' lang='lat' dir='ltr'>ferat</span> <span class='ocrx_word' id='word_1_61' title='bbox 607 1107 823 1155; x_wconf 86' lang='lat' dir='ltr'>dominum,</span> <span class='ocrx_word' id='word_1_62' title='bbox 853 1108 982 1147; x_wconf 80' lang='lat' dir='ltr'>maris:</span> 
     </span>
     <span class='ocr_line' id='line_1_12' title="bbox 48 1177 812 1226; baseline -0.003 -9"><span class='ocrx_word' id='word_1_63' title='bbox 48 1178 185 1217; x_wconf 88' lang='lat' dir='ltr'>Orator</span> <span class='ocrx_word' id='word_1_64' title='bbox 204 1189 317 1225; x_wconf 91' lang='lat' dir='ltr'>ecce,</span> <span class='ocrx_word' id='word_1_65' title='bbox 345 1178 511 1216; x_wconf 83' lang='lat' dir='ltr'>moribus</span> <span class='ocrx_word' id='word_1_66' title='bbox 533 1177 660 1215; x_wconf 86' lang='lat' dir='ltr'>sanctis</span> <span class='ocrx_word' id='word_1_67' title='bbox 687 1178 812 1226; x_wconf 85' lang='lat' dir='ltr'>gravis</span> 
     </span>
     <span class='ocr_line' id='line_1_13' title="bbox 50 1247 912 1296; baseline 0 -10"><span class='ocrx_word' id='word_1_68' title='bbox 50 1247 299 1295; x_wconf 62' lang='lat' dir='ltr'>Medusque,</span> <span class='ocrx_word' id='word_1_69' title='bbox 318 1247 466 1296; x_wconf 87' lang='lat' dir='ltr'><strong>surgens</strong></span> <span class='ocrx_word' id='word_1_70' title='bbox 495 1247 626 1285; x_wconf 76' lang='lat' dir='ltr'>talibus</span> <span class='ocrx_word' id='word_1_71' title='bbox 647 1256 794 1286; x_wconf 86' lang='lat' dir='ltr'>coetum</span> <span class='ocrx_word' id='word_1_72' title='bbox 813 1248 912 1287; x_wconf 75' lang='lat' dir='ltr'>ciet:</span> 
     </span>
    </p>

    <p class='ocr_par' dir='ltr' id='par_1_8' title="bbox 47 1314 905 1365">
     <span class='ocr_line' id='line_1_14' title="bbox 47 1314 905 1365; baseline -0.002 -11"><span class='ocrx_word' id='word_1_73' title='bbox 47 1342 75 1361; x_wconf 90' lang='lat'><strong>„</strong></span> <span class='ocrx_word' id='word_1_74' title='bbox 103 1314 168 1354; x_wconf 88' lang='lat' dir='ltr'>Est</span> <span class='ocrx_word' id='word_1_75' title='bbox 188 1315 224 1352; x_wconf 87' lang='lat' dir='ltr'>in</span> <span class='ocrx_word' id='word_1_76' title='bbox 245 1317 458 1365; x_wconf 79' lang='lat' dir='ltr'>propinquo</span> <span class='ocrx_word' id='word_1_77' title='bbox 477 1324 570 1357; x_wconf 87' lang='lat' dir='ltr'>meta</span> <span class='ocrx_word' id='word_1_78' title='bbox 584 1345 597 1365; x_wconf 89' lang='lat'>,</span> <span class='ocrx_word' id='word_1_79' title='bbox 627 1325 715 1354; x_wconf 86' lang='lat' dir='ltr'>mox</span> <span class='ocrx_word' id='word_1_80' title='bbox 738 1316 905 1354; x_wconf 84' lang='lat' dir='ltr'>securitas</span> 
     </span>
    </p>

    <p class='ocr_par' dir='ltr' id='par_1_9' title="bbox 47 1382 1044 1502">
     <span class='ocr_line' id='line_1_15' title="bbox 50 1382 1044 1433; baseline 0.001 -12"><span class='ocrx_word' id='word_1_81' title='bbox 50 1411 76 1430; x_wconf 93' lang='lat'><strong>„</strong></span> <span class='ocrx_word' id='word_1_82' title='bbox 106 1383 291 1433; x_wconf 74' lang='lat' dir='ltr'>Perpetua</span> <span class='ocrx_word' id='word_1_83' title='bbox 312 1384 458 1433; x_wconf 90' lang='lat' dir='ltr'>praesto</span> <span class='ocrx_word' id='word_1_84' title='bbox 487 1383 563 1428; x_wconf 89' lang='lat' dir='ltr'>est,</span> <span class='ocrx_word' id='word_1_85' title='bbox 591 1391 628 1422; x_wconf 91' lang='lat' dir='ltr'>et</span> <span class='ocrx_word' id='word_1_86' title='bbox 647 1391 753 1422; x_wconf 89' lang='lat' dir='ltr'>vocat</span> <span class='ocrx_word' id='word_1_87' title='bbox 774 1384 926 1433; x_wconf 82' lang='lat' dir='ltr'>sponsor</span> <span class='ocrx_word' id='word_1_88' title='bbox 944 1382 1044 1423; x_wconf 82' lang='lat' dir='ltr'>deus.</span> 
     </span>
     <span class='ocr_line' id='line_1_16' title="bbox 47 1451 940 1502; baseline 0.001 -12"><span class='ocrx_word' id='word_1_89' title='bbox 47 1479 77 1502; x_wconf 88' lang='lat'>,‚</span> <span class='ocrx_word' id='word_1_90' title='bbox 106 1453 199 1491; x_wconf 87' lang='lat' dir='ltr'>Non</span> <span class='ocrx_word' id='word_1_91' title='bbox 217 1452 421 1499; x_wconf 85' lang='lat' dir='ltr'>absolutus,</span> <span class='ocrx_word' id='word_1_92' title='bbox 442 1451 581 1489; x_wconf 81' lang='lat' dir='ltr'><strong>recidet</strong></span> <span class='ocrx_word' id='word_1_93' title='bbox 601 1451 638 1489; x_wconf 89' lang='lat' dir='ltr'>in</span> <span class='ocrx_word' id='word_1_94' title='bbox 661 1462 792 1490; x_wconf 84' lang='lat' dir='ltr'>vanum</span> <span class='ocrx_word' id='word_1_95' title='bbox 812 1452 940 1500; x_wconf 87' lang='lat' dir='ltr'>labor,</span> 
     </span>
    </p>

    <p class='ocr_par' dir='ltr' id='par_1_10' title="bbox 49 1518 1044 1637">
     <span class='ocr_line' id='line_1_17' title="bbox 49 1518 1044 1572; baseline -0.003 -11"><span class='ocrx_word' id='word_1_96' title='bbox 49 1550 76 1568; x_wconf 90' lang='lat'>„</span> <span class='ocrx_word' id='word_1_97' title='bbox 107 1523 161 1561; x_wconf 87' lang='lat' dir='ltr'>Vt</span> <span class='ocrx_word' id='word_1_98' title='bbox 187 1522 357 1572; x_wconf 86' lang='lat' dir='ltr'>Sisyphi,</span> <span class='ocrx_word' id='word_1_99' title='bbox 390 1520 577 1559; x_wconf 89' lang='lat' dir='ltr'>revolutus</span> <span class='ocrx_word' id='word_1_100' title='bbox 604 1522 643 1559; x_wconf 85' lang='lat' dir='ltr'>in</span> <span class='ocrx_word' id='word_1_101' title='bbox 666 1522 896 1569; x_wconf 85' lang='lat' dir='ltr'>barathrum,</span> <span class='ocrx_word' id='word_1_102' title='bbox 925 1518 1044 1572; x_wconf 76' lang='lat' dir='ltr'>lapis?</span> 
     </span>
     <span class='ocr_line' id='line_1_18' title="bbox 53 1588 912 1637; baseline -0.005 -5"><span class='ocrx_word' id='word_1_103' title='bbox 53 1614 82 1635; x_wconf 80' lang='lat'>‚,</span> <span class='ocrx_word' id='word_1_104' title='bbox 108 1591 200 1629; x_wconf 83' lang='lat' dir='ltr'>Nox</span> <span class='ocrx_word' id='word_1_105' title='bbox 220 1602 291 1629; x_wconf 89' lang='lat' dir='ltr'>una</span> <span class='ocrx_word' id='word_1_106' title='bbox 312 1598 432 1629; x_wconf 88' lang='lat' dir='ltr'>vertet</span> <span class='ocrx_word' id='word_1_107' title='bbox 451 1591 554 1628; x_wconf 88' lang='lat' dir='ltr'>annis</span> <span class='ocrx_word' id='word_1_108' title='bbox 577 1599 654 1629; x_wconf 86' lang='lat' dir='ltr'>acta</span> <span class='ocrx_word' id='word_1_109' title='bbox 680 1599 736 1629; x_wconf 89' lang='lat' dir='ltr'>ter</span> <span class='ocrx_word' id='word_1_110' title='bbox 757 1588 885 1628; x_wconf 90' lang='lat' dir='ltr'>decem</span> <span class='ocrx_word' id='word_1_111' title='bbox 899 1619 912 1637; x_wconf 86' lang='lat'><em>,</em></span> 
     </span>
    </p>

    <p class='ocr_par' dir='ltr' id='par_1_11' title="bbox 54 1658 874 1706">
     <span class='ocr_line' id='line_1_19' title="bbox 54 1658 874 1706; baseline 0.001 -10"><span class='ocrx_word' id='word_1_112' title='bbox 54 1686 81 1706; x_wconf 94' lang='lat'><strong>„</strong></span> <span class='ocrx_word' id='word_1_113' title='bbox 109 1659 241 1697; x_wconf 80' lang='lat' dir='ltr'>Fatalis</span> <span class='ocrx_word' id='word_1_114' title='bbox 264 1659 357 1698; x_wconf 86' lang='lat' dir='ltr'>hora</span> <span class='ocrx_word' id='word_1_115' title='bbox 377 1658 507 1697; x_wconf 83' lang='lat' dir='ltr'>reddet</span> <span class='ocrx_word' id='word_1_116' title='bbox 529 1660 589 1696; x_wconf 87' lang='lat' dir='ltr'>ubi</span> <span class='ocrx_word' id='word_1_117' title='bbox 615 1667 729 1698; x_wconf 86' lang='lat' dir='ltr'>terras</span> <span class='ocrx_word' id='word_1_118' title='bbox 751 1659 874 1699; x_wconf 81' lang='lat' dir='ltr'>mari?</span> 
     </span>
    </p>

    <p class='ocr_par' dir='ltr' id='par_1_12' title="bbox 55 1726 996 2123">
     <span class='ocr_line' id='line_1_20' title="bbox 55 1726 984 1775; baseline 0.002 -11"><span class='ocrx_word' id='word_1_119' title='bbox 55 1754 83 1773; x_wconf 90' lang='lat'>„</span> <span class='ocrx_word' id='word_1_120' title='bbox 110 1726 241 1764; x_wconf 80' lang='lat' dir='ltr'>Instate</span> <span class='ocrx_word' id='word_1_121' title='bbox 263 1727 433 1775; x_wconf 82' lang='lat' dir='ltr'>paulum3</span> <span class='ocrx_word' id='word_1_122' title='bbox 463 1738 550 1764; x_wconf 85' lang='lat' dir='ltr'>mox</span> <span class='ocrx_word' id='word_1_123' title='bbox 571 1728 720 1766; x_wconf 88' lang='lat' dir='ltr'>brevem</span> <span class='ocrx_word' id='word_1_124' title='bbox 746 1728 984 1766; x_wconf 81' lang='lat' dir='ltr'>constantiam</span> 
     </span>
     <span class='ocr_line' id='line_1_21' title="bbox 55 1795 967 1842; baseline 0 -8"><span class='ocrx_word' id='word_1_125' title='bbox 55 1821 84 1842; x_wconf 84' lang='lat'>,‚</span> <span class='ocrx_word' id='word_1_126' title='bbox 111 1796 211 1834; x_wconf 86' lang='lat' dir='ltr'>Finis</span> <span class='ocrx_word' id='word_1_127' title='bbox 231 1803 401 1837; x_wconf 87' lang='lat' dir='ltr'>coronat.</span> <span class='ocrx_word' id='word_1_128' title='bbox 459 1795 596 1834; x_wconf 88' lang='lat' dir='ltr'>Testor</span> <span class='ocrx_word' id='word_1_129' title='bbox 614 1803 802 1836; x_wconf 86' lang='lat' dir='ltr'>aeternum</span> <span class='ocrx_word' id='word_1_130' title='bbox 822 1796 967 1835; x_wconf 75' lang='lat' dir='ltr'>Patrem</span> 
     </span>
     <span class='ocr_line' id='line_1_22' title="bbox 58 1862 996 1913; baseline -0.001 -10"><span class='ocrx_word' id='word_1_131' title='bbox 58 1892 86 1911; x_wconf 90' lang='lat'>‚‚</span> <span class='ocrx_word' id='word_1_132' title='bbox 114 1865 315 1904; x_wconf 85' lang='lat' dir='ltr'>Hominum</span> <span class='ocrx_word' id='word_1_133' title='bbox 338 1864 544 1913; x_wconf 61' lang='lat' dir='ltr'>deamque3</span> <span class='ocrx_word' id='word_1_134' title='bbox 574 1862 601 1900; x_wconf 83' lang='lat' dir='ltr'><strong>fi</strong></span> <span class='ocrx_word' id='word_1_135' title='bbox 621 1872 765 1901; x_wconf 84' lang='lat' dir='ltr'>manum</span> <span class='ocrx_word' id='word_1_136' title='bbox 786 1864 996 1910; x_wconf 73' lang='lat' dir='ltr'>remittitis,</span> 
     </span>
     <span class='ocr_line' id='line_1_23' title="bbox 59 1932 990 1984; baseline 0.001 -13"><span class='ocrx_word' id='word_1_137' title='bbox 59 1960 87 1981; x_wconf 91' lang='lat'>„</span> <span class='ocrx_word' id='word_1_138' title='bbox 117 1933 278 1972; x_wconf 84' lang='lat' dir='ltr'>Confilia</span> <span class='ocrx_word' id='word_1_139' title='bbox 297 1935 454 1973; x_wconf 89' lang='lat' dir='ltr'>vestrum</span> <span class='ocrx_word' id='word_1_140' title='bbox 479 1945 588 1984; x_wconf 86' lang='lat' dir='ltr'>prava</span> <span class='ocrx_word' id='word_1_141' title='bbox 608 1932 776 1972; x_wconf 86' lang='lat' dir='ltr'>recident</span> <span class='ocrx_word' id='word_1_142' title='bbox 795 1934 832 1971; x_wconf 87' lang='lat' dir='ltr'>in</span> <span class='ocrx_word' id='word_1_143' title='bbox 865 1941 990 1981; x_wconf 85' lang='lat' dir='ltr'>caput;</span> 
     </span>
     <span class='ocr_line' id='line_1_24' title="bbox 63 2002 990 2054; baseline 0.004 -15"><span class='ocrx_word' id='word_1_144' title='bbox 63 2030 92 2049; x_wconf 87' lang='lat'><strong>„</strong></span> <span class='ocrx_word' id='word_1_145' title='bbox 122 2002 255 2042; x_wconf 87' lang='lat' dir='ltr'>Minax</span> <span class='ocrx_word' id='word_1_146' title='bbox 275 2003 468 2042; x_wconf 85' lang='lat' dir='ltr'>tridentem</span> <span class='ocrx_word' id='word_1_147' title='bbox 490 2006 630 2053; x_wconf 83' lang='lat' dir='ltr'>iamque</span> <span class='ocrx_word' id='word_1_148' title='bbox 649 2005 844 2054; x_wconf 87' lang='lat' dir='ltr'>Neptunus</span> <span class='ocrx_word' id='word_1_149' title='bbox 865 2004 990 2053; x_wconf 78' lang='lat' dir='ltr'>quatit.</span> 
     </span>
     <span class='ocr_line' id='line_1_25' title="bbox 61 2070 906 2123; baseline 0.002 -15"><span class='ocrx_word' id='word_1_150' title='bbox 61 2097 88 2118; x_wconf 87' lang='lat'>‚,</span> <span class='ocrx_word' id='word_1_151' title='bbox 117 2070 328 2111; x_wconf 82' lang='lat' dir='ltr'>celebravit</span> <span class='ocrx_word' id='word_1_152' title='bbox 353 2072 443 2111; x_wconf 82' lang='lat' dir='ltr'>olim</span> <span class='ocrx_word' id='word_1_153' title='bbox 462 2074 600 2123; x_wconf 83' lang='lat' dir='ltr'>patriae</span> <span class='ocrx_word' id='word_1_154' title='bbox 622 2073 757 2111; x_wconf 86' lang='lat' dir='ltr'>Graios</span> <span class='ocrx_word' id='word_1_155' title='bbox 782 2083 906 2118; x_wconf 76' lang='lat' dir='ltr'>amor,-</span> 
     </span>
    </p>

    <p class='ocr_par' dir='ltr' id='par_1_13' title="bbox 64 2139 982 2192">
     <span class='ocr_line' id='line_1_26' title="bbox 64 2139 982 2192; baseline 0 -13"><span class='ocrx_word' id='word_1_156' title='bbox 64 2166 92 2188; x_wconf 84' lang='lat'>,.</span> <span class='ocrx_word' id='word_1_157' title='bbox 118 2139 296 2191; x_wconf 80' lang='lat' dir='ltr'>Exempla</span> <span class='ocrx_word' id='word_1_158' title='bbox 317 2141 481 2181; x_wconf 82' lang='lat' dir='ltr'>Romana</span> <span class='ocrx_word' id='word_1_159' title='bbox 502 2143 656 2192; x_wconf 83' lang='lat' dir='ltr'>gravitas</span> <span class='ocrx_word' id='word_1_160' title='bbox 680 2140 833 2192; x_wconf 72' lang='lat' dir='ltr'>popufis</span> <span class='ocrx_word' id='word_1_161' title='bbox 855 2139 982 2189; x_wconf 83' lang='lat' dir='ltr'>dedit,</span> 
     </span>
    </p>
   </div>
   <div class='ocr_carea' id='block_1_4' title="bbox 586 2219 659 2258">
    <p class='ocr_par' dir='ltr' id='par_1_14' title="bbox 586 2219 659 2258">
     <span class='ocr_line' id='line_1_27' title="bbox 586 2219 659 2258; baseline 0 0"><span class='ocrx_word' id='word_1_162' title='bbox 586 2219 659 2258; x_wconf 59' lang='grc' dir='ltr'>νδ</span> 
     </span>
    </p>
   </div>
   <div class='ocr_carea' id='block_1_5' title="bbox 1487 0 1527 2807">
    <p class='ocr_par' dir='ltr' id='par_1_15' title="bbox 1487 0 1527 2807">
     <span class='ocr_line' id='line_1_28' title="bbox 1487 0 1527 2807; baseline 0 0"><span class='ocrx_word' id='word_1_163' title='bbox 1487 0 1527 2807; x_wconf 95' lang='lat' dir='ltr'> </span> 
     </span>
    </p>
   </div>
  </div>
 </body>
</html>
