1527 2807
299 193 351 226 to
560 184 746 227 [Λυκ-
799 188 1110 232 8ΑΝτιΝιῐ

297 344 462 385 Amstelis
487 346 605 392 Urbs,
633 346 768 394 septem
790 348 880 387 felix
902 348 1136 397 Regionibus
1157 350 1259 391 effert

351 423 457 473 Quae
481 433 616 471 caput,
644 424 817 464 Hollandi
839 439 973 466 nomen
993 430 1187 478 honorque
1204 431 1293 476 s01i;

295 501 371 540 Cui
392 502 523 549 populi
541 503 715 549 numero,
744 507 922 543 tectorum
945 516 980 543 et
1003 509 1100 545 mole
1122 508 1299 555 superbae

347 580 490 628 Vesper
507 590 543 618 et
565 581 668 619 Eous
689 583 859 630 congerit
879 586 976 622 orbis
1001 596 1117 632 opes;

297 656 425 704 Haec,
452 659 516 696 ubi
540 669 752 706 perpetuam
775 662 862 708 legit
882 660 946 699 fibi
972 664 1122 710 Belgica
1142 662 1264 702 sedem

347 737 535 783 Libertas,
563 737 631 774 alia
653 747 698 774 ne
720 739 809 776 velit
829 740 919 777 urbe
939 742 1039 786 coli;

290 812 348 853 Te
368 824 513 861 manet,
541 815 690 862 ingenio
713 827 750 854 ct
773 817 892 855 doffis
912 819 1093 856 celebrata
1115 820 1314 868 Camenis,

344 893 510 931 Amstelis
532 893 642 932 Urbs.
680 894 778 932 laudi
798 906 931 943 quanta
951 897 1088 935 theatra
1109 902 1214 938 tuae!

289 969 467 1011 Facundo
489 972 701 1010 Amstelium
724 982 845 1011 terreas
869 974 928 1012 fac
950 986 1016 1012 ore
1039 977 1233 1025 Senatum,

342 1050 393 1088 Et
414 1049 520 1087 flecte
540 1051 716 1088 attonitos
737 1051 783 1088 ad
805 1061 865 1090 tua
887 1053 996 1090 verba
1019 1054 1154 1094 Patres.

287 1128 448 1176 Conjice
470 1130 505 1166 in
527 1129 683 1176 invisos,
713 1131 967 1168 Demosthenis
989 1143 1107 1178 arma,
1137 1143 1309 1183 tyrannos

338 1207 512 1253 Fulmen,
541 1217 577 1245 ct
596 1208 777 1250 indomito
800 1221 884 1247 cum
908 1211 1097 1250 Cicerone
1119 1221 1220 1251 tona.

286 1284 343 1324 Te
366 1286 560 1323 Libertatis
581 1286 645 1324 stet
665 1286 816 1325 vindice
837 1288 975 1326 firmiOr
995 1290 1089 1336 Ara,

337 1364 372 1402 A
394 1364 520 1401 crebra
540 1364 749 1411 accipiens,
780 1374 816 1402 te
838 1365 935 1404 duce
949 1395 960 1412 ,
989 1369 1092 1405 thura
1112 1380 1234 1407 manu.

283 1443 418 1483 Tutior
441 1443 630 1480 Oceanum
651 1453 717 1490 per
737 1451 771 1480 te
792 1453 867 1480 rate
888 1445 1008 1483 navita
1028 1446 1168 1483 findens

335 1521 395 1560 Ad
417 1530 558 1558 veteres
578 1520 708 1557 referat
727 1522 884 1568 praemia
907 1524 1029 1570 opima
1052 1524 1185 1569 Lares,-

281 1600 333 1640 Et
360 1600 507 1646 vigeant
537 1607 630 1635 artes
644 1626 655 1643 ‚
685 1606 721 1634 et
740 1609 880 1636 merces
902 1599 1029 1638 horrea
1047 1601 1220 1648 vincant,

332 1677 383 1716 Et
402 1677 495 1714 salva
516 1676 694 1714 Amsteliis
717 1673 782 1713 smt
800 1676 861 1714 sua
880 1676 958 1724 jura
979 1680 1063 1717 tuis.

279 1756 431 1794 Patruus
452 1756 658 1802 exemplum
678 1755 744 1792 tibi
766 1755 846 1792 sunt
865 1764 902 1793 et
920 1756 1163 1804 Avunculus,
1191 1767 1337 1798 omnem

330 1834 406 1871 Aut
429 1833 591 1879 Patriae,
620 1843 681 1870 aut
701 1833 824 1871 studiis
847 1835 937 1873 vivit
960 1844 1115 1882 uterque
1137 1835 1246 1875 diem.

276 1911 338 1950 Tu
362 1922 514 1959 quoque
536 1908 586 1947 fic
608 1910 738 1949 Famae
757 1912 896 1959 poteris
917 1912 1166 1952 conscendere
1187 1917 1351 1965 culmen,

327 1990 386 2027 Tu
409 2000 562 2037 quoque
581 1987 631 2027 fic
652 1990 754 2027 cives
775 1989 988 2028 demeruisse
1009 1999 1108 2030 tuos.

273 2067 425 2115 Belgica
446 2065 495 2104 fic
515 2067 650 2105 meritis
672 2068 814 2105 ornabit
833 2068 1058 2115 honoribus,
1088 2079 1124 2108 et
1149 2081 1186 2110 te

324 2144 471 2184 Postera
492 2143 541 2183 fic
561 2155 664 2194 grato
683 2148 834 2194 peftore
853 2147 957 2185 turba
979 2150 1117 2187 colent.
