1527 2807
349 227 797 270 roz-r1cazi
1089 232 1142 274 37

535 413 582 452 In

85 517 483 559 FRANCONIS
541 515 1051 559 BVRGERSDICII

340 623 504 673 Instituti
507 638 586 664 ones
611 626 756 678 logicaf.

39 685 155 782 Sic
184 750 393 791 comparata
415 742 534 781 ferme
563 753 621 780 res
643 742 854 782 mortalium
882 752 966 788 est,·

34 812 93 850 Vt
122 812 186 860 qui
218 811 354 849 laboris
387 811 584 861 plurimum
619 821 732 862 atque
768 811 974 849 industriae

38 879 102 919 Ad
138 879 393 929 promovenda
431 879 543 918 seculi
580 877 800 928 impendunt
828 880 954 927 bona,

35 948 260 997 Docta-eque
288 948 422 986 mentis
454 947 593 998 grande
627 957 666 985 et
696 948 884 989 exceliens
913 957 1008 998 opus

37 1016 187 1054 Chattis
218 1014 392 1055 sacratum
421 1017 582 1067 plurimo
613 1016 702 1056 dant
737 1017 845 1064 usui,

36 1085 120 1124 Hos
150 1096 170 1122 a
198 1083 369 1134 sepulcro
397 1085 646 1135 consequatur
676 1087 754 1126 sera
783 1086 862 1125 laus
882 1116 894 1133 ,

39 1153 215 1202 Solisque
244 1156 393 1202 capiant
418 1157 580 1204 praemia
609 1168 628 1193 a
659 1156 878 1204 nepotibus.

36 1223 95 1263 lta
119 1231 359 1270 posterorum
388 1232 446 1261 est
474 1222 597 1261 sensus
626 1223 901 1273 incorruptior,

35 1288 302 1339 sinceriusque
331 1289 472 1336 judicat
499 1289 635 1329 seclum
667 1291 848 1339 sequens,

36 1359 162 1410 Quam
184 1358 292 1400 turba
315 1357 514 1406 praesenS,
536 1370 631 1406 quae
656 1370 723 1408 per
751 1357 995 1398 invidentiam

34 1425 189 1466 Infensa
218 1426 356 1472 magnis
381 1429 570 1476 perpetim
597 1428 821 1472 virtutibus,

35 1495 140 1546 Quas
163 1494 291 1533 colere
321 1504 395 1531 non
421 1493 526 1541 vult,
558 1494 652 1536 odit.
680 1495 771 1532 haec
799 1494 1005 1543 malignitas

27 1563 292 1612 Loliginisque
322 1562 382 1600 hic
409 1562 536 1601 succus
568 1564 734 1602 excelsos
763 1563 862 1613 petit

37 1632 178 1675 Viros,
208 1632 423 1680 premitque
451 1631 599 1681 spiritus
627 1632 806 1670 summum
835 1629 880 1668 ad
909 1629 1022 1674 diem.

28 1699 192 1740 Diversa
219 1699 488 1747 Burgersdicio
516 1702 666 1738 demum
694 1711 780 1740 meo

32 1768 183 1811 Pavore
208 1766 368 1817 quodam
400 1768 557 1807 coelitus
587 1769 663 1808 sors
694 1769 854 1817 obtigit3

30 1838 175 1877 Divina
203 1837 309 1883 cujus
340 1834 498 1885 scripta,
532 1841 619 1886 quis
647 1850 714 1885 par
743 1847 800 1876 est
828 1836 944 1882 nihil,

35 1905 92 1945 Et
119 1904 171 1943 nil
200 1901 420 1948 secundum,
454 1916 542 1944 mox
567 1916 730 1956 repente
760 1916 802 1945 ut
828 1904 1044 1956 prodeunt,

37 1971 294 2011 Cousenfione
321 1972 491 2011 inusitata
519 1977 739 2024 comprobat

40 2039 231 2096 Quicquid
258 2042 416 2086 Batavia
447 2043 677 2083 eruditorum
712 2051 841 2089 tenet,

606 2111 637 2150 c
671 2120 691 2163 3
