1527 2807
402 299 831 329 erlcn.

46 395 366 448 pseudopropheta
389 397 521 447 surgit,
550 406 607 442 et.
640 395 790 448 plebem
814 397 938 437 levem

46 471 120 509 Iam
140 467 341 505 fascinatum
363 469 594 506 caerimoniis
615 476 742 506 tenens
755 497 765 512 ,

0 572 1 579 ,
44 538 175 577 Pacem
196 534 350 574 deorum
374 534 548 585 spondet,
579 545 615 574 et
639 544 713 574 tuta
734 538 880 582 omnia.

0 667 3 703 ὴ

0 731 3 781 'l

44 607 87 648 Si
108 615 195 655 gens
212 603 368 653 profana
389 605 496 654 poffit
517 605 663 643 excludi
685 606 807 644 sacris.

41 675 215 724 Megaera
239 673 382 713 sufflans
405 673 524 712 rursus
547 674 583 710 in
607 683 746 713 mentes
769 674 876 713 redit.

44 746 118 784 Iam
136 755 206 795 pro
231 743 342 781 salute
366 742 513 791 publica
540 754 648 792 nugas
668 752 776 792 agunt

43 815 223 864 Peiusque
243 813 372 862 nugis3
403 811 494 850 alius
517 813 554 849 in
576 812 684 849 alium
708 812 810 851 furit.

0 894 1 906 ³
42 883 128 922 Pars
146 882 264 920 sanior
285 881 421 920 recedit
441 879 628 919 admonitu
652 882 813 918 omnium
827 908 838 925 ‚

45 953 246 1001 Tenaxque
268 950 443 989 libertatis
470 961 487 986 a
517 950 636 998 Belgis
658 951 744 987 abit.

41 1019 113 1058 Per
137 1019 277 1067 aliquot
302 1029 418 1056 annos
441 1021 599 1068 improbi
623 1018 764 1056 clavum
787 1025 944 1068 regunt,

44 1088 240 1138 Opinione
260 1088 399 1136 iamque
419 1086 547 1126 felices
570 1088 630 1126 sua

40 1156 231 1206 spernunt
251 1155 397 1205 piorum
419 1158 579 1206 monita,
610 1166 647 1197 et
668 1158 837 1197 insultant
860 1155 984 1194 bonis.

40 1292 112 1335 Sed
133 1292 200 1332 fata
223 1292 322 1332 lento
344 1293 450 1332 tacita
470 1292 662 1345 surrepunt
685 1294 822 1344 gradu,

38 1363 225 1412 Adestque
245 1363 410 1409 tandem,
442 1372 570 1401 cuncta
588 1375 678 1412 quae
705 1373 841 1410 vertat,
877 1362 969 1402 dies.

38 1432 232 1480 Aequante
253 1433 361 1471 Libra
384 1436 504 1470 noctis
528 1440 565 1470 et
583 1433 672 1470 lucis
691 1434 790 1478 vias,

38 1501 182 1541 Ardere
203 1502 279 1539 visa
303 1502 407 1540 Luna
430 1502 649 1551 Neptunum
673 1510 798 1545 vocat.

39 1571 254 1620 furensque
281 1570 416 1608 Caurus
437 1569 597 1620 duplicat
616 1572 724 1620 ponti
748 1578 889 1618 metus,

43 1641 217 1679 Insolitus
240 1641 359 1678 imber
381 1640 508 1678 alveos
529 1642 688 1690 graditur
709 1640 813 1688 supra
833 1668 843 1685 ,

45 1711 224 1760 suspensa
244 1710 280 1747 in
303 1709 412 1746 altum
435 1706 585 1745 flumina
607 1706 707 1746 haud
730 1708 825 1757 ripas
847 1709 975 1748 sciunt.

44 1781 213 1819 Oceanus
243 1779 317 1827 ipse
332 1807 342 1823 ‚
373 1776 540 1815 fiuctibus
563 1776 671 1813 vastis
693 1784 855 1821 tumens,

42 1849 212 1887 Minatur
234 1846 358 1892 astris,
388 1853 424 1884 et
444 1852 547 1881 vetus
570 1851 680 1881 tentat
703 1845 827 1882 chaos.

41 1918 273 1965 Linquuntur
297 1914 424 1953 animis
446 1913 615 1960 accolae,
644 1922 682 1952 et
704 1913 782 1952 casu
805 1915 962 1965 stupent.

43 1986 270 2026 lnabsolntus
289 1995 400 2034 agger
418 1986 578 2024 obstabat
595 1981 690 2023 male
705 2014 715 2034 ,

47 2054 286 2101 Tandemque
307 2052 438 2092 cedens
459 2065 595 2103 aequor
616 2055 770 2094 admittit
791 2056 899 2103 solo,

50 2119 146 2167 Lat?-
160 2124 270 2165 ru'ma
288 2123 430 2167 ianuam
454 2123 584 2174 pelago
604 2123 704 2162 facit.

629 2202 654 2230 v
682 2204 706 2240 4

1081 303 1156 340 295
