1527 2807
232 258 286 299 κῃ
627 255 966 286 ENsz.

229 355 360 396 Ioanni
384 352 616 399 scin-adero,
646 351 891 390 Elisabetham
902 351 1070 400 Vitringa
1093 351 1244 392 domum
1266 304 1364 356 pag·

282 423 450 461 ducenti.
610 445 622 458 .
778 446 790 458 ,
943 446 953 458 ·
1088 447 1100 458 ·
1230 449 1241 460 ·
1299 423 1360 469 39·

230 489 274 527 In
305 489 403 526 Petri
426 486 623 525 Burmanni
654 485 737 524 Sec.
758 488 945 534 po'e'mata.
1088 514 1099 526 ,
1135 494 1139 497 ·
1231 515 1244 526 .
1294 500 1364 536 91·

229 555 273 592 In
295 555 401 591 Bavii
415 554 567 591 Voorda
581 553 799 602 Sapientiam
813 554 1019 591 Salomonis
1032 554 1243 593 Iuridicam.
1297 566 1362 603 95.

229 621 271 658 In
298 620 610 661 Caluinniatorem
637 621 859 659 Batavorum
880 622 1133 669 Anonymum.
1233 649 1244 659 .
1294 621 1364 668 96.

227 689 289 727 Ad
309 688 420 727 Laut.
435 687 647 726 Santenium
659 714 671 734 ,
694 686 856 725 Helvetii
868 688 1041 734 poemata
1055 687 1240 725 edentem.
1290 697 1359 734 99.

445 808 634 849 DAN.
697 806 1138 847 HEINSIVS.

229 926 473 977 Epitaphium
504 928 757 966 Beverovicii.
862 955 871 971 ‚
977 925 1167 973 Fasciculo
1192 924 1240 962 V.
1294 933 1358 973 77.

229 993 271 1030 In
294 993 451 1042 effigiem
476 994 578 1044 Hug.
601 996 739 1035 Grotii.
897 1020 910 1034 .
1067 1020 1079 1032 ·
1231 1018 1241 1030 υ
1269 1001 1359 1038 313·

467 1114 623 1153 NIC.
675 1112 1112 1154 HEINSIVS.

228 1233 436 1280 Epinicion
468 1233 567 1271 tertii
595 1232 683 1271 belli
705 1233 850 1272 Punici.
1320 1245 1344 1281 5

226 1298 441 1337 Londinum
463 1301 644 1339 exustum.
1319 1311 1342 1348 7

227 1363 270 1401 In
304 1366 491 1406 excessum
515 1365 615 1406 Petri
639 1363 797 1404 Cumaei.
942 1391 953 1403 .
1086 1393 1097 1405 .
1229 1396 1240 1407 .
1321 1369 1358 1406 8.

226 1431 424 1481 Adolphus
447 1434 640 1477 Vorstius,
668 1441 860 1480 parentans
882 1432 993 1470 Petro
1013 1433 1185 1472 Cunaeo.
1223 1461 1235 1472 .
1314 1444 1340 1481 9

225 1500 325 1537 Zoili
353 1499 504 1537 censura
526 1501 561 1537 in
589 1499 820 1538 Heinfianam
844 1501 1104 1549 Tragoediam.
1159 1527 1170 1539 .
1225 1527 1236 1539 .
1294 1512 1354 1538 10.

226 1565 271 1603 In
302 1566 451 1603 statuam
483 1567 572 1604 Des.
591 1567 759 1612 Erasm13
785 1569 859 1606 bis.
1298 1578 1310 1603 1

225 1633 352 1671 Mich.
382 1632 543 1671 Rutero.
702 1660 712 1671 .
844 1661 854 1672 .
985 1660 998 1671 .
1112 1660 1124 1671 .
1229 1661 1240 1671 .
1295 1644 1357 1681 35¹.

226 1697 289 1736 De
318 1708 427 1747 pace.
585 1725 596 1737 .
753 1729 766 1742 .
924 1728 935 1739 .
1093 1729 1104 1739 .
1226 1728 1236 1739 .
1291 1703 1356 1748 36.

224 1766 335 1806 Fred.
355 1767 498 1805 Bened.
518 1767 736 1817 Carpzovio
759 1780 795 1808 et
811 1771 909 1809 Eliz.
923 1770 1069 1817 legers,
1082 1768 1235 1817 sponsis.
1290 1771 1354 1817 78.

168 1851 180 1864 »
226 1835 288 1874 Ad
308 1836 548 1874 Ludovicum
569 1835 659 1874 XIV
671 1836 718 1873 de
738 1835 889 1873 hibernii
911 1836 990 1874 eius
1012 1837 1048 1872 in
1069 1836 1236 1885 Burgun-

279 1904 376 1942 diam
408 1904 663 1951 expeditione.
796 1930 806 1940 .
949 1928 961 1940 .
1090 1930 1102 1942 .
1220 1931 1231 1941 .
1287 1903 1348 1940 82.

227 1969 369 2009 Everh.
392 1970 623 2016 Bleisvicio‚
651 1970 733 2008 viro
767 1971 869 2009 cons.
893 1970 1149 2018 Delphorum,
1178 1980 1234 2008 ur-

278 2036 336 2072 bis
356 2037 517 2083 patriae,
546 2037 778 2083 antiquitates
797 2036 1000 2075 illustranti.
1105 2063 1116 2074 .
1221 2063 1233 2075 .
1287 2039 1349 2083 83.

229 2100 357 2149 Imago
377 2101 624 2150 Deiphorum.
782 2128 795 2142 .
952 2130 962 2142 ,
1094 2128 1106 2140 .
1221 2131 1232 2141 .
1287 2104 1351 2151 84.

1306 2170 1349 2207 In
