1527 2807
313 309 904 355 :tzoraeni
1087 311 1169 361 485·

34 425 157 485 Quam
185 428 322 467 laetum
350 423 418 462 lux
452 423 540 468 illa,
571 430 636 461 tuo
663 430 758 470 quae
787 417 949 468 praefuit
975 427 1082 467 ortu,

94 501 219 538 Omen
248 495 427 546 Hyanteis
459 491 626 531 condidit
649 491 740 527 aima
770 490 880 528 viris!

31 567 152 624 Quam
185 568 340 609 laetum,
369 570 474 602 tanto
505 571 597 608 quae
626 557 792 596 Romula
821 555 970 596 vin.iice
998 559 1079 597 iura

91 640 199 679 Stare
228 635 355 681 videt,
383 630 559 670 Themidi
589 628 748 666 eontulit
777 627 844 666 illa
875 628 1010 667 decus!

47 708 187 749 Cresce
214 703 370 744 venuste
399 712 515 751 puer;
545 698 681 737 'nostris
711 698 853 735 victura
874 698 1072 747 Camenis,

98 775 236 816 Addita
263 771 440 811 consultis
471 768 663 818 famaque,
694 764 817 803 cresce
847 766 957 814 puer!

42 847 84 889 Si
105 857 175 896 qua
195 843 306 890 fides,
331 852 432 880 rarus
454 849 540 888 quas
562 849 661 876 nunc
682 835 815 874 colere
828 832 959 879 audet,
982 832 1132 884 (inepti

99 918 148 955 Et
167 915 298 952 fatuum
318 915 419 950 hune
448 910 582 958 populi
604 917 691 945 mox
710 904 802 942 levis
825 912 909 940 aura
929 902 1076 953 notat.)

46 985 217 1032 Tempus
247 983 343 1025 erit;
373 978 485 1018 nobis
515 982 711 1013 renovatas
740 969 856 1010 cultus
886 970 930 1007 ad
950 981 1030 1009 aras

104 1052 237 1098 Surget
265 1049 308 1085 ab
336 1045 501 1095 auspicio
528 1045 659 1093 purior
687 1051 800 1091 usque
830 1046 906 1077 tuo.

49 1123 178 1170 thue
206 1114 292 1156 valiis
322 1115 479 1163 Belgas,
510 1112 638 1159 Belgis
667 1118 705 1148 te
734 1110 826 1148 fama
854 1109 979 1158 poetis

102 1191 256 1235 Maior,
286 1186 330 1223 ab
358 1189 486 1231 arguto
514 1178 676 1215 carmine
703 1185 833 1226 parta,
865 1186 1008 1218 manet.

48 1259 112 1298 Tu
140 1253 258 1294 modo
281 1265 329 1292 ne
360 1250 475 1288 differ
505 1249 639 1286 Famae
670 1256 817 1286 tentare
846 1243 1007 1284 faventis

108 1322 280 1369 Saecula,
309 1329 346 1360 et
378 1318 516 1357 Aoniis
542 1329 640 1356 voce
671 1319 816 1368 praeire
846 1316 986 1356 choris.

52 1389 256 1442 Adspicis?
285 1401 332 1428 en
367 1397 520 1427 tenerae
542 1389 702 1426 rubuere
731 1387 867 1424 rosaria
897 1386 1044 1435 fronti,

109 1461 158 1498 Et
187 1459 300 1508 capiti
329 1454 484 1497 frondes
513 1466 649 1507 myrtus
677 1458 791 1495 amica
822 1459 958 1495 novat!

55 1532 184 1572 Mox,
213 1528 276 1566 ubi
306 1526 460 1565 firmatis
491 1525 621 1563 veniet
641 1525 752 1574 vigor
782 1527 902 1564 acrIor
931 1527 1066 1574 annis,

114 1597 294 1645 Musaque
324 1593 514 1634 Maeoniis
543 1592 676 1630 celfior
703 1593 772 1631 ibit
795 1594 920 1642 equis,

58 1665 298 1710 Frondentes
329 1663 488 1701 hederae
521 1663 667 1710 serpent
686 1662 779 1710 tibi,
811 1662 1006 1711 nostraque
1028 1663 1152 1706 laurus

117 1733 246 1774 Arbor
276 1734 462 1771 honorata
491 1741 658 1781 tempora
686 1730 822 1770 fronde
850 1742 1006 1780 premet.

60 1804 149 1845 Nec
178 1801 299 1841 minus
336 1803 410 1840 hoc
439 1810 526 1839 nato
555 1802 707 1848 genitor
736 1811 846 1850 caput
873 1802 1015 1841 exseret
1042 1803 1179 1851 altum,

120 1871 258 1909 Gloria
289 1870 458 1908 Paeonio
488 1866 595 1918 quam
625 1867 695 1907 fuit
726 1868 792 1907 ille
820 1872 934 1920 patri.

67 1941 202 1983 Altera
230 1941 399 1978 venturis
427 1948 551 1977 auctor
583 1939 702 1988 gravis
727 1951 815 1978 ecce
847 1939 1042 1989 triumphis

119 2009 192 2048 Ars
224 2016 355 2051 vocat;
384 2007 426 2045 ad
453 2016 574 2058 partes
605 2008 675 2044 iam
702 2008 860 2046 Themis
888 2020 1000 2059 aequa
1031 2010 1152 2051 venit.

61 2079 197 2128 Incipe
227 2089 328 2116 nunc
356 2079 525 2127 geminae
554 2075 704 2124 titulos,
735 2088 852 2127 puer,
881 2081 1010 2118 omine
1036 2080 1150 2120 laudis

125 2149 321 2197 censere,
354 2156 392 2190 et
421 2149 578 2200 gemino
608 2146 713 2186 ferre
745 2148 874 2189 labore
905 2149 1040 2192 decus.

653 2215 746 2266 ⁸¹53
