1527 2807
387 311 845 344 narniens
1095 312 1174 359 ποῖ

69 411 274 462 Difflasque
301 412 508 462 pestilentis
530 413 606 451 oris
627 411 752 461 spiritu

69 481 164 522 Solo
186 481 342 530 integras
364 482 602 520 Ciconiarum
626 483 751 531 copias

68 551 349 599 Polonicosque
376 551 598 600 Viperarum
619 549 754 590 fibilos.

69 621 107 659 Ο
129 631 234 669 quarn
256 616 408 658 venuste
429 619 519 658 olim
542 627 686 659 tuorum
710 621 809 659 virus
830 620 903 660 hoc

68 689 227 731 Prolufit
251 691 289 728 in
314 690 562 728 Certaminum
583 688 841 739 promulside,

69 760 239 799 Turdum
258 769 445 797 cacantem
466 771 575 807 quum
593 760 698 798 dares
725 766 867 806 turpem
890 758 931 796 in
954 755 1095 813 fugam,

67 831 138 870 Nil
159 831 297 869 veritus
321 828 417 878 ipsos
440 836 551 874 tunc,
579 836 748 878 potentes
770 827 945 873 milvios;

69 901 139 940 Ast
163 901 227 939 ille
250 909 336 936 mox
356 909 481 939 cacare
502 899 607 939 desiit
627 898 693 936 tibi

70 970 250 1020 Sapiens,
280 978 317 1007 et
337 968 435 1006 ultro
457 970 580 1014 venit,
612 974 668 1012 ut,
697 977 789 1016 quae
811 964 995 1017 sensem,

67 1039 233 1090 Supplex
251 1037 418 1076 adoraret
437 1039 491 1076 tui
510 1040 586 1076 oris
616 1037 770 1086 spicula.
887 1031 889 1033 ’

65 1112 168 1150 Dein
184 1137 195 1154 ,
217 1119 325 1157 quum
345 1106 503 1162 deeffent
522 1104 729 1155 perduelles
751 1109 820 1146 iam
842 1107 934 1154 tibi,

63 1181 169 1233 Quos
195 1178 308 1217 halitu
328 1165 469 1216 afflatos
492 1182 560 1214 tuo
579 1187 666 1216 mox
685 1178 860 1228 perderes

61 1251 193 1299 Vsque
206 1245 263 1288 'ex
283 1247 458 1286 cubiculo
480 1254 518 1285 et
539 1247 576 1284 N
583 1247 756 1296 igellinae
777 1249 878 1293 simu

62 1319 220 1359 Petrulli
239 1320 278 1357 in
301 1317 424 1356 hostes
445 1327 540 1353 arma
561 1317 703 1355 vertisti
725 1315 856 1363 ferox,

64 1390 287 1442 Quicunque
309 1387 453 1425 tandem
474 1385 565 1431 lint,
595 1383 735 1423 Achivi
756 1385 817 1424 seu
835 1388 1019 1438 Phryges:

62 1455 225 1496 Perinde
250 1456 285 1494 id
307 1457 384 1501 est,
412 1455 525 1494 modo
547 1466 658 1505 opem
677 1454 854 1495 laboranti
873 1456 980 1496 fors.

64 1527 148 1566 Hac
169 1527 285 1576 gratia
305 1523 551 1565 deverberasti
570 1535 685 1574 usque
703 1525 745 1563 ad
765 1537 893 1565 necem

61 1597 322 1646 Episcopalem
342 1597 447 1634 illum
469 1596 664 1634 Vacerram
686 1594 846 1644 saepius,

62 1667 141 1719 Qui
163 1677 260 1704 nunc
280 1666 402 1704 iacens
425 1664 596 1703 inclamat
616 1675 745 1703 omnes
767 1665 926 1711 obvios3

60 1735 217 1775 Discant
235 1735 370 1774 timere
389 1735 647 1785 Rhythmicam
668 1736 875 1774 Potentiam

60 1803 172 1856 (Nifi
192 1802 392 1853 Esquilinas
414 1804 560 1856 pascere
584 1804 688 1843 alites
708 1804 860 1855 velint)

61 1876 142 1915 Iani
164 1875 354 1923 Gigantis,
386 1884 423 1915 et
443 1873 542 1912 illius
564 1874 826 1913 Fraterculurn.

61 1946 127 1984 Sic
146 1942 311 1982 hostibus
331 1943 411 1991 das,
441 1944 489 1982 fic
509 1946 620 1983 beare
640 1944 727 1983 illos
751 1946 869 1993 soles,

61 2011 266 2053 fortiffime
284 2012 424 2061 Heros,
460 2018 667 2064 Imperator
687 2016 818 2062 unice,

66 2081 218 2121 Achille
239 2083 353 2120 maior
372 2082 514 2132 longe,
542 2092 582 2122 et
603 2084 693 2124 alter
714 2086 911 2126 Hercules.

17 2187 21 2192 .
65 2152 123 2192 En
152 2151 249 2193 aliud
271 2162 318 2193 ex
338 2152 414 2192 alio
434 2151 544 2193 decus
564 2155 677 2205 capiti
696 2163 776 2194 tuo.
