1527 2807
347 232 370 270 8
676 221 1126 269 Dazicnir.

346 337 461 377 Nunc
480 333 624 374 taedam
644 336 682 374 in
713 337 870 375 Batavas
901 336 1033 376 molire
1051 333 1243 375 Britannia
1275 335 1419 371 merces
1431 334 1447 378 ,v
1514 318 1517 368 Ῐ

404 404 528 444 Cruda
543 412 611 454 per
632 403 799 443 imbelles
827 403 889 442 fax
913 415 974 444 eat
996 405 1074 443 asta
1096 403 1208 441 casas.
1514 388 1517 399 ⁴

348 474 580 522 Sacrilegum
609 472 714 511 Deus
746 482 835 510 ecce
863 473 970 511 Deus
1000 472 1086 511 dum
1111 471 1241 521 puniat
1275 469 1423 517 ignem,

408 542 587 591 Dumque
614 538 840 579 Caledonios
869 540 961 579 haec
991 549 1136 591 premat
1169 539 1222 576 ira
1255 536 1375 581 lares,

348 610 496 650 Damna
519 607 776 660 rependuntur
810 607 914 656 largo
943 621 1028 647 cum
1061 607 1221 645 foenore
1248 605 1382 650 nobis,

407 679 533 729 Impizf
555 677 799 726 foedifragam
825 677 874 714 fic
897 678 957 717 fer
983 679 1020 716 in
1051 687 1148 715 arma
1171 683 1333 711 manum.
1517 717 1520 731 ί

351 747 519 786 Martem
536 747 604 785 hac
623 745 707 794 iege
728 744 818 782 fove
832 774 841 790 ‚
871 755 940 785 nos
958 746 1060 784 ultor
1084 753 1120 782 at
1141 742 1277 780 asserat
1302 738 1450 784 aethen
1517 746 1520 767 τ

411 814 548 852 Caussa
566 822 741 866 perorata
771 814 824 852 est
853 815 981 862 judice
1012 821 1140 852 vestra
1168 811 1273 849 Deo.

1038 920 1147 960 Νη,
1186 917 1458 958 Hmnsws.

647 1130 716 1158 IN
797 1130 1191 1160 ExcEssvm

323 1222 1424 1268 --PETR1(:VNAE1.

362 1326 562 1441 Qualis
587 1388 651 1426 ubi
676 1388 768 1428 Eois
789 1391 939 1430 rutilum
968 1397 1078 1440 caput
1098 1387 1236 1427 exserit
1267 1385 1378 1425 undis

413 1453 612 1501 Phoebus,
645 1465 684 1496 et
712 1458 869 1498 illustrat
894 1457 1014 1500 fijere
1046 1457 1176 1496 cunc‘ia
1194 1454 1285 1501 suo,

362 1519 465 1557 Tota
495 1523 593 1562 nitet
623 1526 734 1564 telius
763 1528 975 1576 blandoque
1005 1526 1209 1565 renascitur
1236 1532 1365 1569 aestu,

415 1588 464 1625 Et
492 1593 583 1629 tanti
608 1595 760 1640 genium
791 1595 902 1634 sentit
933 1604 1123 1644 opemque
1159 1594 1257 1630 Dei:

357 1652 460 1692 Tum
483 1656 508 1693 fi
529 1660 645 1698 tristis
670 1663 798 1712 hyems
829 1664 1081 1711 Aquilonibus
1105 1664 1180 1700 aeta
1212 1658 1436 1698 Decembris

419 1724 558 1764 Mersit
585 1729 792 1768 inauratum
820 1733 1100 1781 praeripuitque
1124 1731 1258 1779 jubar,

362 1790 440 1830 Aut
469 1792 593 1833 subito
623 1798 808 1836 immensis
835 1801 1031 1848 tempestas
1057 1799 1234 1836 imbribus
1260 1804 1344 1835 orta

421 1860 560 1897 Pressit
593 1866 701 1903 noste
733 1867 835 1905 suum
864 1868 1110 1915 destituitque
1135 1865 1260 1911 dicun·

365 1927 465 1966 Tota
500 1931 597 1973 iacet
624 1935 733 1972 telius
759 1936 941 1985 nulloque
975 1936 1179 1972 renascitur
1209 1943 1342 1984 aestu,

426 1998 508 2034 Nec
531 2002 620 2038 tanti
650 2004 797 2049 genium
825 2005 933 2042 sentit
962 2015 1152 2052 opemque
1183 2004 1273 2041 Dei.

371 2064 476 2102 Taiis
512 2068 695 2107 Mattiaco
728 2073 903 2111 Cunaeus
925 2074 970 2110 ab
999 2083 1068 2110 axe
1102 2070 1272 2109 reversus
1295 2099 1307 2116 ,

421 2133 473 2172 Et
504 2136 601 2176 bene
632 2141 698 2178 vix
733 2141 853 2179 Mufis
886 2140 1054 2180 redditus
1083 2140 1161 2191 ipse
1194 2139 1289 2185 suis;

1397 2206 1471 2253 At?
