1527 2807
427 335 800 365 roET1CA1.
1101 334 1174 373 12?

55 444 176 484 Mane
201 443 333 485 ferox,
362 440 456 478 tollit
481 444 574 479 male
600 442 677 478 sana
705 440 887 479 Britannia
912 440 1056 487 cristas,

102 514 203 551 Bella
234 522 410 557 movens,
438 512 538 549 terris
565 510 766 559 pern1ciofa
794 513 877 550 suis.

4 606 6 609 -
50 583 101 621 Et
125 583 271 630 Regum
299 583 423 619 titulos
449 592 485 619 et
512 582 658 618 nomina
682 581 819 618 scilicet
847 582 952 628 odit,

99 653 150 691 Et
175 653 349 691 Libertati
375 662 462 699 gens
492 651 684 689 furibunda
709 651 837 688 studet.

50 723 245 762 Haeccine·
264 722 455 760 Libertas?
481 721 572 759 haec
598 721 724 769 Anglis
753 722 849 767 pilea
879 721 1010 772 donat,

101 793 274 831 Infamem
299 792 417 840 Regis
442 803 549 839 quam
576 793 715 830 laniena
742 791 858 828 facit?

51 863 219 900 Withalia
246 863 454 907 intremuit,
482 863 607 900 cervix
634 863 740 899 incisa
771 863 883 899 securi

100 933 280 980 Sanguine
309 943 495 980 purpureo
522 943 606 969 cum
634 933 828 970 madefecit
851 932 1017 970 humum.

49 1004 101 1042 Et
125 1001 284 1040 Tamefis
309 1001 404 1040 visus
430 1003 540 1050 longe
570 1003 786 1040 contrafftior
811 1003 888 1046 ire,

99 1073 175 1124 Qui
199 1082 320 1111 vetera
346 1072 546 1110 Albionum
575 1074 717 1111 moenia
747 1072 860 1120 pulsat
886 1073 1002 1118 aquis.

49 1144 245 1196 Obstupuit
272 1144 415 1188 Pietas,
443 1154 616 1190 totusque
644 1143 830 1181 exhorruit
858 1143 981 1188 orbis,

98 1214 187 1264 Quo
214 1215 313 1252 venit
341 1213 438 1252 dirae
464 1215 587 1252 nuntia
617 1214 710 1251 fama
734 1214 849 1251 necis.

48 1285 84 1322 Ο
113 1284 264 1323 foedum
290 1285 452 1323 facinus!
482 1297 555 1322 non
585 1284 751 1331 Tethyos
781 1283 949 1320 omnibus
975 1283 1081 1320 undis

99 1355 235 1392 Abluet
258 1355 333 1392 hoc
360 1366 516 1403 unquam
546 1355 647 1391 turba
678 1355 844 1391 Britanna
874 1353 1002 1390 scelus.

48 1425 201 1464 Festinat
225 1425 383 1464 vindista
412 1427 504 1467 Dei,
533 1436 618 1461 nato
647 1425 791 1471 auspice
817 1423 934 1472 Regis

101 1496 279 1544 Sanguine
305 1496 500 1533 multorum
531 1494 699 1531 diluitura
721 1493 833 1532 nefas.

754 1647 871 1674 ANT.
911 1647 934 1673 Λ
975 1645 1122 1674 ZYLL.

524 1843 574 1880 D.
627 1843 688 1881 M.
702 1857 706 1860 ’

75 1967 201 2020 JOH.
234 1966 564 2023 ADRIANAE
601 1967 727 2040 JVAN
762 1967 889 2004 DEN
916 1967 1147 2034 BERGH.

49 2077 121 2167 P
126 2124 248 2170 ignora
273 2135 366 2171 quae
396 2125 530 2162 sanfflle
558 2125 754 2162 servaverat
781 2125 902 2162 omnia
930 2126 1019 2172 legis

151 2191 365 2232 Ardenti..in
389 2195 596 2238 Christum,
623 2195 714 2232 casta
737 2195 922 2247 johanna,
949 2193 1044 2240 fide,

577 2266 640 2310 1'3
