1527 2807
314 313 905 346 ιιιειΑοΔ.
1085 314 1164 353 379

367 538 846 590 MAIO.

48 672 240 761 Maie,
276 712 495 751 renascentis
518 719 638 750 terrae
664 709 820 749 iucunda
841 711 1032 763 νοῐυρῑεε,

99 783 185 821 Huc
209 781 293 821 ades
315 783 353 820 in
376 780 523 828 faciles,
555 780 768 827 ambitiose,
800 779 954 818 modos!

44 851 126 892 Ore
146 861 223 891 tuas
246 852 367 890 laudes
387 863 467 889 cum
487 861 615 889 cuncta
635 852 828 902 loquantur
849 856 1021 898 aperto„

103 922 258 962 Scilicet
276 924 528 960 immemorem
548 930 658 972 turpe
682 931 805 961 tacere
826 918 955 969 lyram.

50 990 180 1037 Maie,
201 989 306 1035 fave3
338 990 498 1028 reserata
520 999 653 1028 vocant
673 990 864 1040 spiramina
887 988 1029 1038 pinum.

102 1060 179 1096 Iam
197 1068 295 1096 nova
317 1057 492 1104 luxuriat,
525 1058 593 1096 iarn
615 1069 712 1096 nova
740 1058 838 1098 ridet
862 1056 1003 1096 humus.

43 1127 266 1166 Memnonis
287 1125 401 1164 amiffi
423 1127 492 1164 iam
514 1138 592 1165 non
616 1126 861 1166 reminiscitur
888 1127 987 1174 Eos,

101 1194 177 1235 sed
197 1195 306 1233 roseo
330 1194 460 1234 laetum
482 1197 614 1247 spargit
639 1198 686 1235 ab
714 1208 782 1236 axe
802 1198 918 1238 iubar.

44 1263 114 1302 His
137 1263 270 1303 ssmiles
294 1262 394 1304 illam
415 1267 535 1305 vultus
557 1266 740 1313 habuiss'e,
770 1268 949 1315 putarim,

95 1334 232 1373 Arrifit
256 1334 426 1384 Cephalo
446 1347 527 1373 cum
548 1335 615 1374 dea
635 1335 765 1374 blanda
788 1336 869 1375 suo.

45 1404 220 1443 Arboreo
242 1405 407 1454 pulcrum
429 1405 608 1444 modulata
627 1406 816 1444 cacumine
835 1416 977 1454 carmen
991 1434 1004 1452 ,

100 1475 234 1527 Sedula
257 1476 431 1514 laetitiam
452 1470 560 1512 dulc&
583 1475 716 1512 fatetur
735 1474 829 1513 avis.

45 1548 118 1585 lam
140 1556 287 1585 veteres
308 1541 422 1583 oblita
441 1547 538 1583 canit
559 1543 773 1582 Philomela
798 1541 975 1589 dolores,

97 1614 183 1653 Nec
204 1613 370 1652 miserum
392 1615 557 1664 queritur
581 1614 719 1652 flebilis
740 1615 820 1652 ales
842 1613 939 1662 Ityn.

44 1683 149 1722 lilius
171 1694 191 1720 a
220 1682 350 1722 doctae
369 1682 556 1720 mulcebar
575 1681 755 1720 arundine
778 1693 945 1733 cannae,

100 1752 195 1791 Cum
216 1763 295 1791 mea
315 1752 507 1790 luxurians
529 1752 666 1791 lumina
686 1751 798 1790 Flora
818 1760 951 1798 vocat;

39 1818 175 1864 flora,
205 1820 274 1858 suis
295 1820 489 1870 Zephyrus
510 1832 614 1870 quarn
633 1831 732 1859 nunc
752 1820 984 1870 amplectitur
1010 1820 1093 1871 alis,
1149 1823 1155 1828 “

101 1889 230 1939 Cingit
249 1889 481 1930 odoriferum
500 1892 558 1930 cui
579 1891 656 1930 rosa
679 1890 789 1930 multa
815 1895 940 1939 caput.

46 1955 183 2004 Flora,
203 1959 269 1997 tibi
291 1961 431 2000 merito
443 1989 456 2010 ,
487 1961 684 2000 suaviffir‘na
701 1959 822 2009 gloria
840 1958 957 2004 ruris,

102 2024 333 2066 Romulidae
351 2027 466 2067 festos
485 2026 678 2069 instituere
702 2027 795 2068 dies.

3 2090 6 2094 ’
47 2096 122 2134 Iam
142 2094 282 2146 Satyri,
328 2096 396 2134 iam
416 2105 517 2147 prata
539 2098 666 2137 volant
684 2107 753 2149 per
771 2108 924 2139 amoena
943 2099 1146 2155 Napaeaee

102 2164 296 2214 Tempore
316 2174 397 2204 non
420 2163 496 2206 alio
517 2165 611 2208 laeta
630 2167 785 2218 Napaea
802 2167 931 2217 magis.
