1527 2807
364 210 829 262 Pota-test:
1128 227 1158 265 9

60 317 206 371 Attulit
234 323 411 374 exequias
444 323 564 362 secum
593 322 803 373 vivumque
830 322 1017 372 cadaver,

112 397 200 435 Nec
229 393 372 444 patriae
400 390 551 430 indulfit
573 392 674 437 justa
696 402 902 443 rogumque
930 393 1030 434 [ωε.

62 462 185 505 senfit
212 459 332 500 Leida
357 459 463 498 nefas
493 459 677 502 fatorum,
707 458 882 499 senfimus
911 472 1072 507 omnes*

114 530 352 579 Moeniaque
378 528 531 566 aeterna
556 526 708 565 condita
737 529 848 566 noete
873 529 1016 575 jacent.

61 599 127 639 Tu
153 597 242 635 licet
271 597 435 645 assurgas
467 606 601 644 magno
635 593 815 634 Zelandia
843 608 932 637 nato
949 626 960 643 ,

118 665 208 704 Plus
237 663 377 714 aliquid
408 665 573 702 Batavus
599 664 765 704 vindicat
788 665 876 705 inde
901 666 985 708 fibi.

60 730 148 775 Nec
181 735 249 773 tibi
266 763 277 781 ,
308 734 413 772 Diva
430 762 442 780 ,
470 740 556 786 tuus
582 732 738 782 grateris
769 732 894 772 ferrea
919 742 1072 784 partus,

117 803 180 841 Te
216 802 301 841 satis
327 803 381 841 est
403 804 495 842 tanti
525 798 672 840 funeris
706 801 780 840 effe
810 813 926 842 ream.
992 835 994 837 ,

65 870 126 910 Sic
151 869 247 909 male
268 869 416 909 divinos
440 870 509 909 fibi
530 870 647 909 Crete
671 869 838 908 vindicat
863 878 998 919 ortus,

121 936 253 987 Atque
281 937 415 978 eadem
451 939 528 977 nati
550 944 674 976 morte
703 938 857 988 superba
888 937 942 976 sui
967 937 1038 975 est.

67 1005 128 1046 Sic
152 1005 213 1044 sua
240 1007 466 1056 Cecropium
500 1006 614 1045 tellus
646 1005 838 1046 damnavit
871 1006 1084 1049 alumnum,

119 1075 171 1113 Et
197 1073 304 1114 dedit
335 1077 474 1125 ingrata
509 1075 614 1113 mista
640 1086 789 1115 venena
816 1087 941 1115 manu.

64 1142 209 1189 Patria,
243 1150 450 1183 testamur}
477 1141 645 1193 potuisse
679 1145 832 1182 Batavia
862 1144 965 1183 nasci

121 1213 214 1252 Non
244 1213 298 1251 ita
323 1214 505 1262 miratur,
530 1223 641 1264 quam
680 1213 848 1263 potuisse
874 1214 986 1253 mori.

733 1287 1168 1326 N10.Hss11tsxvs.

97 1450 591 1491 ADOLPHVS
685 1451 1138 1491 VORSTIVS

397 1558 846 1586 PARENTANS

158 1637 517 1683 PETRO
634 1641 1060 1685 CVNAEO.

123 1740 356 1837 Miselia
381 1793 527 1842 Leida,
561 1805 707 1845 vosque
729 1793 877 1834 flebiles
910 1796 1065 1841 Musae,

129 1861 332 1915 Quondam
353 1873 519 1901 mearum
542 1872 671 1911 magna
703 1873 791 1901 cura
813 1864 1003 1902 Musarum
1021 1894 1034 1911 ,

133 1932 246 1984 Quae
263 1941 362 1969 nunc
381 1932 536 1978 jacetis,
564 1930 805 1980 praeficoque
829 1932 989 1980 fingultu

135 1997 387 2049 suspiriisque
415 1999 519 2037 mine
540 1998 638 2037 fietis
668 2006 862 2049 ereptum,

132 2065 188 2105 Et
207 2075 248 2105 tu
265 2067 450 2116 profunda
471 2097 482 2114 ,
517 2067 651 2106 Rhene
666 2098 674 2112 ‚
709 2068 884 2107 conditus
909 2071 1020 2110 11er

136 2134 276 2176 Beatus
301 2134 421 2188 olim,
453 2146 551 2176 nunc
576 2135 715 2191 dolote,
734 2136 925 2177 confessus

1098 2211 1178 2250 An·
