1527 2807
413 290 851 339 LYn1cxsp
974 306 979 312 ·
1101 285 1181 329 209?

73 397 235 447 Messena
246 401 360 453 ,ipso
380 399 417 437 in
438 407 521 438 ortu
541 398 686 449 prorsus
708 392 914 445 oppreffam
927 421 938 439 ,
969 390 1094 430 obruis

71 475 191 514 succo
219 470 396 516 affluente
414 471 552 507 noxiae
582 468 767 516 loliginis.

69 543 205 592 Neque
227 541 395 584 interim,
426 536 652 580 Fortiffime,
683 535 820 573 Acrem
841 528 974 570 definis

64 609 259 650 Lace-frere
284 608 496 646 Accinctum
510 634 521 651 ‚
551 613 671 654 angue
692 605 796 653 peIus
816 610 852 640 et
871 612 960 639 cane

71 677 235 717 Invisum
256 685 293 715 et
311 672 574 714 exsecrabilem
594 671 824 712 Fraterculo.

70 740 121 788 Et
143 748 210 787 ille
235 745 481 798 subpalparier
501 743 630 782 stultus
655 742 774 780 tamen

73 813 166 855 Tibi
190 816 335 856 volebat
354 816 493 862 nuper,
517 817 561 852 'et
583 820 619 853 te
638 809 805 853 avellere

74 887 151 926 Abs
172 896 209 925 te
229 886 345 924 altero
359 913 370 930 ,
400 882 463 922 sed
484 880 731 919 blandientem
753 875 880 915 tabidis

72 960 211 997 Contra
230 956 358 1006 petisti
389 955 450 992 Tu
471 948 623 990 subinde
646 948 818 987 dentibus

77 1025 295 1067 Petrulliani
319 1025 369 1061 ob
393 1021 541 1059 noxiam
564 1017 798 1057 certaminis.

72 1097 160 1137 Nec
181 1092 229 1130 fic
253 1091 384 1136 abibit3
413 1098 566 1136 namque
590 1087 714 1125 multis
739 1084 915 1124 morfibus

74 1162 258 1203 Vexatum
279 1158 480 1199 identidem
501 1156 669 1195 enecabis
692 1153 850 1202 denique
863 1182 874 1199 ‚

75 1234 254 1274 Marssve
275 1241 385 1283 coges
405 1225 536 1267 naenie
558 1225 600 1262 ad
620 1221 858 1273 suspendium.

42 1316 45 1320 ·
79 1304 117 1342 Ο
138 1304 198 1341 Te
219 1301 386 1348 beatum!
411 1307 521 1348 quem
542 1303 691 1335 manent
707 1301 762 1331 tot
779 1290 912 1340 gaudia

77 1371 117 1409 Τ
120 1370 447 1418 eterrimorumque
468 1365 630 1404 ultiones
656 1363 812 1401 hostium
824 1376 835 1408 ;

78 1439 205 1492 Quem
225 1444 280 1475 tot
307 1437 503 1482 Coronae,
531 1442 588 1472 tot
608 1434 777 1481 Tropaea
796 1429 972 1468 different

83 1508 218 1547 Totam
238 1516 308 1557 per
328 1505 441 1544 Orbis
462 1504 574 1542 huius
594 1501 886 1553 amplitudinem.

86 1577 139 1617 At
157 1585 196 1615 tu
215 1578 393 1626 peractis,
423 1560 537 1619 Iane,
566 1580 623 1611 tot
645 1570 861 1620 stipendiis,

83 1647 338 1688 Victoriarum
360 1644 580 1694 gloriaeque
604 1651 691 1680 tunc
709 1640 777 1679 tibi

83 1719 230 1759 Partum
252 1715 331 1754 satis
353 1713 498 1753 tandem
522 1711 700 1760 superque
720 1707 903 1747 existima.

85 1788 193 1842 Quin
212 1785 356 1825 Patriae
377 1792 413 1822 te
431 1780 606 1833 impende
627 1787 712 1817 tunc
735 1776 980 1827 potiffimum,

85 1858 136 1898 Et
153 1867 221 1907 per
249 1856 449 1897 Suburanas
471 1851 610 1902 puellas
627 1847 796 1886 dividens

86 1925 237 1966 Florem
259 1921 432 1973 Gigantei
455 1920 648 1958 venustum
671 1918 842 1963 roboris,

90 1993 213 2043 Imple
234 1991 389 2032 tenellas
408 1987 591 2028 bellicoso
612 1986 765 2025 semine.

94 2061 157 2101 sic
177 2064 421 2111 Imperatores
449 2069 571 2096 meros
591 2056 734 2095 Patriae
756 2055 855 2094 dabis
869 2084 882 2103 ,

96 2128 229 2171 Meros
249 2128 447 2179 Gigantes,
474 2125 570 2166 celsa
596 2124 695 2162 coeli
720 2123 834 2163 sidera

652 2202 675 2243 Ρ
