1527 2807
468 287 810 318 INDEX·
1140 295 1205 325 xlx

240 383 386 421 DAV.
423 381 546 422 IAC.
582 383 720 421 VAN
751 382 1031 425 LENNEP.

71 487 134 528 Ad
153 487 266 528 Laut.
287 488 500 526 Santenium
519 487 566 526 de
590 488 780 525 nativitate
802 488 921 528 filioli.
999 517 1012 530 .
1065 519 1077 531 .
1096 441 1196 543 ἕξ

335 591 560 631 LOBBIVS
591 591 908 633 LEVNCVLVSX
970 620 986 635 .
1062 623 1074 636 .
1101 599 1191 646 389.

249 710 469 750 IVLIVS
518 711 1007 754 MELESIGONVS.

64 827 128 867 Ad
157 828 394 870 Libertatem.
524 856 538 871 .
666 857 680 872 .
809 859 822 873 .
943 859 959 875 .
1063 861 1075 876 .
1103 846 1191 885 275.

243 949 544 989 PAVLVS
592 952 1005 995 MELISSVS.

59 1069 103 1109 In
124 1069 259 1109 Iustum
284 1068 470 1119 Lipstum,
499 1082 764 1119 aegrotantem.
859 1098 871 1111 .
961 1102 973 1114 .
1053 1103 1065 1115 .
1100 1088 1185 1128 179.

270 1191 563 1232 GEORG.
614 1192 980 1231 MVRRAY.

62 1309 193 1349 eatula
208 1338 220 1358 ‚
246 1321 265 1347 a
289 1323 410 1359 puero
431 1311 569 1351 occisa.
700 1338 711 1351 .
826 1337 838 1350 .
942 1338 954 1351 .
1058 1341 1071 1353 .
1103 1327 1188 1354 122.

241 1428 418 1468 IOAN.
463 1429 674 1467 ADAM.
719 1429 1002 1469 NODELL.

62 1549 332 1586 Genethliacon
361 1549 406 1586 ad
427 1549 503 1587 lan.
525 1549 614 1586 Abr.
636 1549 681 1586 de
705 1548 807 1588 Mist.
908 1573 923 1589 ο
1053 1576 1065 1590 .
1092 1559 1184 1599 571.

58 1616 109 1656 D.
130 1617 190 1655 M.
212 1617 339 1656 Herm.
361 1616 512 1654 Martini
535 1614 687 1652 Nodell.
791 1640 804 1652 .
908 1641 923 1655 .
1052 1644 1065 1656 .
1091 1629 1190 1668 5770

219 1736 590 1775 IOACHIMVS
633 1736 1011 1780 PASTORIVS.

55 1843 100 1881 In
119 1841 321 1880 Alastorem
343 1842 431 1880 Nic.
455 1840 609 1879 Heinfii.
697 1868 708 1880 .
814 1869 826 1881 .
931 1871 943 1883 .
1050 1870 1062 1884 .
1090 1847 1178 1894 365.

228 1947 382 1986 IAC.
434 1945 999 1988 PERIZONIVS.

55 2053 117 2092 Ad
136 2052 227 2090 Nic.
257 2049 460 2091 Heinfium.
619 2078 631 2091 .
761 2077 774 2090 .
905 2077 919 2092 .
1049 2080 1061 2093 .
1093 2055 1182 2094 168.

59 2118 230 2169 Hymnus
251 2120 297 2158 ad
321 2119 399 2158 Ian.
421 2117 711 2158 Broukhufium.
814 2146 828 2159 .
931 2146 944 2159 .
1049 2147 1062 2158 .
1091 2121 1183 2159 206.

643 2184 662 2206 a
677 2184 695 2206 *
722 2196 747 2224 2
1044 2188 1073 2223 O
1090 2187 1122 2223 D
1137 2188 1185 2224 0-
