1527 2807
395 307 839 346 »rute-ai·

137 411 286 452 Fortior
309 412 478 463 tandem,
505 413 631 452 tenera
649 410 796 451 corolla
867 417 870 420 ’

633 483 768 531 cinget
788 488 825 520 et
852 477 990 520 herbis.

145 551 286 589 Cuncta
307 552 374 590 lam
398 550 532 590 rident.
588 545 743 595 Viden·‚
769 559 806 588 ut
829 551 994 590 canistris

142 619 194 657 Et
213 620 292 668 piae
312 621 530 669 Nymphae,
561 626 599 656 et
619 617 761 655 dociles
788 616 969 665 Amores,

144 685 316 726 Afferant
339 687 458 738 plenis
485 689 645 727 animoa
667 683 738 725 late

637 757 810 795 Gramina
832 753 972 793 vobis?

142 820 295 870 Audin',
319 831 357 861 ut
376 824 536 871 circum,
567 826 749 866 viridante
776 827 814 864 in
837 819 990 870 umbra,

143 890 321 930 Turtures
340 893 449 939 casti,
479 902 515 931 et
536 893 698 942 placidae
719 894 909 942 palumbes

144 959 348 1011 Apphcent
368 963 492 1012 rostns
517 964 579 1013 pia
599 961 716 1000 rostra
730 989 740 1005 ,
771 969 810 998 et
835 959 909 1000 alte

415 1067 418 1070 ,
622 1031 814 1072 Murmura
835 1029 1021 1071 fundant?

148 1099 213 1140 Est
241 1101 278 1139 in
303 1099 453 1138 occulto
476 1098 635 1137 salientis
659 1099 740 1139 illic

140 1168 295 1217 Angulo
319 1168 434 1208 fontis
456 1169 550 1208 levis
573 1167 693 1215 unda,
723 1170 794 1216 qua
816 1180 893 1207 non

142 1240 315 1279 Nectaris
336 1238 459 1288 liquor
476 1266 490 1288 ‚
521 1239 676 1289 superis
697 1246 830 1278 amatus
847 1266 858 1284 ,

619 1308 781 1347 Dulcior
800 1306 927 1346 exstat.

143 1377 316 1426 Frigeas‚
343 1386 478 1425 corpus
500 1373 664 1422 gelidum
684 1373 852 1424 fovebit,

142 1447 184 1486 Si
208 1447 300 1484 cales
314 1473 325 1491 ,
356 1444 420 1482 illa
441 1442 585 1492 fugient
604 1445 744 1484 calores
753 1459 767 1493 3

142 1515 248 1568 Quin
271 1514 332 1553 vel
353 1513 514 1552 illaesam
536 1514 593 1554 dat
621 1515 757 1555 habere
780 1514 913 1554 dudum

625 1585 722 1622 Viva
743 1584 941 1624 iuventam.

141 1653 211 1693 Illa
229 1653 396 1693 formoso
421 1652 553 1692 faciem
576 1653 710 1694 rubore

137 1722 293 1770 Tingit.
323 1730 363 1760 et
381 1731 483 1760 curas
508 1723 632 1761 animo
655 1722 827 1773 repellit,

139 1791 208 1831 Illa
227 1791 288 1830 vel
311 1793 461 1841 quosvis
483 1793 555 1840 agit
580 1802 604 1830 e
625 1791 763 1831 caduco

261 1895 265 1901 ,
623 1859 800 1910 Corpore
820 1860 990 1900 morbos.

140 1927 208 1968 lna
226 1928 421 1969 transactos
442 1929 645 1969 memlniffe
665 1930 804 1980 semper

141 1998 234 2036 Nos*
250 2004 349 2038 vetat·
369 1998 507 2046 luctus.
530 2007 628 2040 vetat
647 2009 683 2039 et
715 1999 859 2038 futuros

147 2063 270 2105 Corde
295 2068 437 2107 turbato
458 2068 667 2120 trepidare,
695 2068 787 2107 risus

306 2152 308 2154 ’
625 2138 786 2178 Candida
814 2146 942 2178 mater.

577 2218 599 2246 r
625 2215 650 2244 2

1074 314 1171 378 243ἱ
