1527 2807
325 295 396 341 ,οε
589 298 1187 334 ιιιςῐΑεΛ.

325 403 374 442 Et
395 402 490 439 bene
512 399 640 442 babet,·
655 397 758 445 plura
777 398 833 434 his
856 399 963 436 etiam
989 411 1028 436 ac
1049 401 1199 439 meliora
1226 401 1438 452 supersunt,

440 466 583 506 Lucem
605 465 701 504 adeb
723 477 814 515 quae
835 468 902 505 iani
922 480 1077 506 cernere
1099 482 1240 520 [empus
1262 481 1352 511 erat.

325 539 410 576 Hoc
432 535 581 585 qudque
604 537 774 573 Franci-io
795 537 977 581 dabimus,
1011 540 1148 575 maiora
1174 541 1320 589 daturi,

435 605 643 654 Archetypi
665 604 776 653 ipsius
798 608 905 655 copia
928 606 951 643 fi
975 619 1042 655 qua
1066 606 1188 648 foret:

325 679 491 716 Burenus
513 675 711 724 prohibet,
745 675 905 723 Scythici
930 685 965 713 ut
985 678 1145 714 custodia
1171 679 1242 716 luci

434 745 506 784 Ille
531 744 664 788 draco,
697 743 852 781 Alciden
877 756 984 793 quein
1009 747 1171 785 necuiss‘e
1194 746 1335 792 ferunt;

324 817 409 854 Nec
431 815 514 865 plus
539 814 710 852 Fruterio
736 814 874 851 Cri-tice
898 814 956 851 sua
980 813 1115 862 debet,
1150 817 1298 854 Oberto

432 882 552 936 Quam
572 881 691 931 plagia
705 911 713 926 ,
746 892 785 920 et
807 883 911 920 laeva
931 884 1034 921 docta
1061 886 1225 922 Laverna
1247 894 1367 921 manu.

325 952 430 991 Haud
453 954 575 1000 ignota
597 952 753 1000 loquor:
788 952 978 991 hominum
1002 954 1103 992 volat
1123 964 1211 992 ecce
1230 963 1298 1002 per
1330 963 1418 998 orat,

435 1022 513 1059 Vsu
534 1022 643 1059 etiam
668 1032 787 1071 nuper
809 1023 980 1070 cognitus
1004 1022 1068 1059 iste
1091 1023 1158 1060 tibi
1177 1036 1187 1067 ;

327 1089 509 1127 Errorum
538 1087 597 1126 eui
617 1098 673 1127 tot
697 1091 845 1128 nebulas
871 1091 1031 1138 offudit,
1067 1095 1208 1142 ineptus

435 1159 492 1197 Ad
515 1159 710 1197 Themidis
734 1159 864 1198 callem
894 1160 976 1197 dum
1001 1160 1067 1197 tibi
1091 1160 1265 1198 monstrat
1294 1161 1381 1200 iter.

330 1231 480 1266 Caetera
500 1237 695 1277 praetereo
713 1258 723 1275 ,
754 1240 876 1278 nuper
898 1231 987 1267 mihi
1011 1229 1158 1277 cognita
1178 1226 1343 1277 primum

439 1297 569 1334 Indice
590 1305 650 1343 [ες
679 1309 750 1335 nec
771 1309 863 1346 opus
878 1328 887 1345 ,
912 1311 968 1336 me
991 1298 1052 1336 hic
1078 1299 1208 1335 iterare
1229 1297 1312 1334 tibi.

331 1363 420 1417 Qui)
443 1365 553 1413 magis
572 1365 737 1416 afficiar,
767 1366 870 1404 docti
896 1365 981 1404 facit
1004 1367 1082 1406 usus
1105 1367 1267 1405 amoris:

435 1435 520 1472 Nec
544 1436 621 1474 casu
643 1437 742 1475 datus
765 1437 851 1484 hic,
881 1435 943 1474 sed
970 1438 1138 1486 ratione,
1173 1435 1266 1481 fuit3

329 1506 521 1555 Tempore
549 1505 618 1543 iam
639 1517 685 1545 ex
706 1507 793 1553 illo,
826 1517 936 1555 quum
959 1517 1016 1544 me
1037 1516 1136 1544 meus
1159 1504 1309 1554 impulit
1329 1505 1439 1548 ardor

439 1574 591 1623 Collegi
615 1587 791 1626 proceres
813 1574 1014 1613 sollicitare
1039 1575 1114 1612 tui:

331 1641 449 1696 Qub?
480 1642 548 1680 nifi
575 1645 626 1682 uti
651 1645 761 1682 nobis
780 1644 931 1682 sacrarIa
950 1643 1066 1694 vestra
1087 1651 1277 1692 paterent,

439 1714 625 1752 Boiorum
656 1714 835 1752 asservant
857 1724 949 1762 quae
970 1723 1206 1752 monumenta
1231 1716 1396 1757 Ducum.

329 1782 570 1834 Quaestorum
593 1786 731 1832 accepti
755 1783 891 1822 tabulas
914 1783 1048 1833 loquor
1070 1784 1293 1833 expenfique
1310 1815 1322 1833 ,

434 1850 622 1888 Notitiam
646 1852 754 1901 prisci
783 1855 960 1902 temporis
985 1852 1080 1892 unde
1099 1860 1214 1902 petas.

331 1916 409 1958 mc
429 1926 486 1957 tua
508 1919 673 1959 sedulitas
697 1923 761 1961 usu
780 1924 869 1961 mihi
891 1923 1038 1971 cognita
1059 1919 1248 1971 primum:

442 1989 554 2027 Heu!
575 2001 639 2027 cur
667 2001 755 2029 nota
774 1991 867 2029 mihi
892 2001 968 2029 non
991 1989 1092 2040 prius
1114 1989 1180 2028 illa
1201 1988 1303 2029 fuit?

334 2057 399 2098 Est
420 2057 557 2107 aliquid
576 2057 708 2097 faviffe
727 2059 857 2109 operi,
886 2065 1089 2110 tantamque
1112 2061 1299 2099 librorum

437 2127 527 2166 Vim
545 2136 715 2167 veterum
734 2128 880 2167 latebris
901 2127 1081 2167 evoluissh
1113 2129 1215 2168 suisa
