1527 2807
471 198 783 242 emmiu.
1121 211 1176 254 27

57 361 118 400 Mt
137 369 237 406 mea,
265 359 315 397 mi
339 359 492 406 Gentis,
519 360 608 398 mihi
631 359 775 398 Phoebi
796 369 832 399 et
853 359 981 398 damna
1003 370 1149 400 tuorum

110 439 212 477 Flere
234 439 334 479 licet.
359 449 491 487 parvus
511 447 567 476 tot
585 439 683 476 bona
701 439 822 486 pulvis
843 439 966 477 habet.

56 518 107 556 At
126 516 294 555 meritum
316 518 354 555 in
376 518 477 555 cives
498 525 619 554 manet
637 517 839 554 immortale
859 517 1048 562 Batavo13

106 595 191 633 Nec
212 596 324 635 decus
348 596 481 644 ingenii
503 595 621 633 deleat
639 596 712 632 ulla
732 594 823 633 dies.

55 673 212 711 Vindice
233 684 269 713 te
291 675 418 713 Latiae
439 674 632 719 steterunt,
660 682 695 710 te
717 672 888 718 vindice,
918 672 1045 711 Musae
1059 699 1073 718 ‚

109 752 241 799 Petre‚
269 765 338 792 nec
361 752 567 791 Hollandos
588 750 776 789 deseruere
798 750 921 789 focos.

57 829 115 867 En
128 857 141 875 ‚
169 839 230 868 tua
250 831 452 870 crescentes
472 830 666 879 premimus
686 829 836 876 vestigia
857 838 983 874 vates,

109 908 276 946 Formata
299 912 472 958 exemplo
486 938 497 957 ‚
525 917 586 946 aut
604 908 744 956 pollice
765 907 869 945 turba
890 916 971 944 tuo.

55 985 115 1024 Tu
134 986 249 1023 modo
274 988 318 1025 ab
342 986 499 1037 Elysiis,
528 988 678 1025 tentanti
701 986 885 1034 impellere
909 983 1064 1022 chordas

107 1063 301 1112 Discipulo
321 1065 442 1104 faveas
456 1094 469 1112 ,
497 1065 622 1103 umbra
641 1065 798 1114 benigna
811 1092 823 1110 ‚
863 1063 998 1101 choris.

56 1141 117 1183 sic
141 1141 270 1180 Petrus
289 1145 427 1192 patriae
448 1143 649 1182 succrescat
668 1143 704 1180 in
725 1144 847 1181 omina
868 1142 1004 1179 famae!

107 1220 189 1258 Una
209 1222 298 1260 olim
319 1223 418 1260 vitae
438 1221 517 1270 spes
531 1250 542 1267 ‚
573 1221 702 1260 Petrus
717 1251 728 1267 ‚
758 1223 815 1258 illa
837 1231 933 1259 tuae.

55 1299 129 1337 Dic
146 1299 304 1337 animose
325 1297 416 1337 sitim
437 1310 513 1347 quo
534 1299 636 1336 fonte
651 1328 662 1344 ‚
692 1300 829 1343 Poeta,
859 1298 1024 1335 levin-as?

108 1377 207 1414 Urna
230 1376 498 1423 Propertiacam
519 1388 612 1423 quae
634 1377 698 1413 tibi
720 1376 815 1413 fudit
833 1376 990 1423 aquam?

56 1453 203 1491 Fortior
222 1454 282 1491 ille
302 1464 385 1492 tuus
408 1453 495 1491 mihi
515 1454 656 1501 spiritus
679 1454 826 1501 impleat
845 1464 930 1497 ora,-

107 1532 172 1568 Nil
194 1531 296 1568 sonet
315 1531 531 1577 humanum,
560 1533 609 1568 nil
630 1529 692 1569 nist
715 1531 849 1578 grande
868 1530 984 1568 sonet.

56 1609 251 1647 Praedicer
269 1619 310 1646 ut
332 1618 468 1648 tantum
488 1621 562 1647 non
585 1607 814 1656 degenerasse
837 1607 1072 1654 Magistrum3

108 1686 218 1732 Hoc,
240 1686 424 1734 quondam
444 1687 493 1725 sat
516 1688 606 1732 erit,
636 1686 659 1724 fi
681 1687 767 1724 mihi
790 1685 906 1723 laudis
929 1686 1010 1724 erit.

54 1765 187 1820 Jugera
208 1762 232 1800 s1
255 1765 404 1811 quando
423 1766 510 1803 mihi
531 1765 710 1803 fortunata
728 1766 924 1813 patebunt,

107 1842 296 1880 Dedecori
317 1842 478 1880 affeffum
499 1854 545 1880 ne
568 1844 632 1881 tibi
653 1855 730 1882 rere
752 1855 887 1882 meum.

57 1919 228 1975 Jamque,
263 1921 406 1967 favilla,
434 1922 533 1959 vale!
565 1922 718 1969 ingentis
739 1921 1004 1960 mihiNuminis
1026 1920 1152 1964 iniiam

110 1996 299 2049 Terraque
319 1999 448 2039 securo
471 2010 516 2038 ne
535 2000 652 2049 gravis
676 2000 748 2040 offa
770 2001 874 2039 terat!
