1527 2807
412 325 820 355 !01³r¹cn1·:.
1114 310 1170 357 89

63 425 266 469 Fr'ondibus
295 424 420 464 Idaliis
449 436 515 474 age
543 424 647 463 cedat
675 424 866 474 Apollinis
896 423 1028 463 arbor:

115 495 216 533 Hinc
243 504 392 543 quoque
419 492 510 532 serta
538 491 621 530 duci
651 493 790 539 danda,
821 493 982 536 Thalia,
1011 502 1111 530 meo.

61 562 149 603 Plus
176 561 256 600 satis
284 561 417 601 alterni
446 565 517 610 jam
546 563 730 612 sanguinis
757 573 841 599 arva
870 561 1059 600 biberunt.

114 619 171 669 Sit
198 630 303 668 locus
324 638 364 669 et
383 620 563 678 Gnidiae,
594 630 697 668 Mars
727 639 852 679 pater,
883 641 953 667 oro
978 629 1082 667 deae.

61 698 191 749 Daque
219 699 328 746 duci,
358 698 458 750 quod
488 700 639 738 inermis
659 705 750 747 agat.
771 697 837 734 tibi
858 705 972 735 certet
993 694 1164 736 amando.

111 767 209 806 Nam
238 769 335 807 bona
363 768 518 806 militiae
546 779 628 818 pars
657 767 822 816 Erycina
851 775 932 804 tuae
962 766 1029 804 est.

60 831 154 876 Non
182 845 290 886 negat
310 837 383 874 hoc
395 836 540 875 Siculae
552 844 634 874 trux
646 833 770 874 incola
785 833 981 872 Mulciber
995 833 1139 872 Aetnae
1152 859 1165 879 ‚

114 903 217 942 Bella
243 905 325 954 geri
355 903 498 954 semper
526 905 589 955 qui
620 904 689 942 tibi
719 902 831 940 cruda
860 900 966 940 velit.

60 973 160 1024 Apta
189 974 317 1012 Venus
346 974 451 1023 paci,
480 973 578 1023 pacis
607 971 718 1012 tutela
749 968 922 1021 Cupido,

116 1043 180 1082 Ne
208 1042 287 1081 fera
316 1052 393 1080 non
422 1049 539 1092 ponat
563 1041 714 1079 vitricus
740 1050 856 1086 anna,
886 1045 1006 1078 cavet.

60 1103 179 1151 Tolle
207 1109 282 1148 tuas
312 1115 352 1148 et
382 1109 502 1148 conde
531 1107 652 1157 faces,
680 1106 826 1146 furialis
857 1103 995 1157 Enyo,

114 1175 237 1217 Taeda
259 1176 501 1227 Cupidineam
520 1188 597 1215 non
620 1175 726 1214 decet
748 1184 819 1214 atra
845 1186 1003 1213 manum.

61 1246 200 1300 Junffls
223 1257 357 1297 parvus
380 1248 528 1297 Hymen
551 1247 789 1295 Hymenaeus
812 1243 1012 1282 Amoribus
1034 1241 1134 1280 adfit.

118 1315 246 1354 Turba
263 1315 521 1365 triumphalem
543 1313 747 1366 perstrepat
767 1313 828 1352 illa
849 1312 1012 1350 domum.

63 1383 279 1424 Annumera
295 1382 474 1430 vectigal,
507 1383 655 1432 Hymen
670 1410 680 1427 ,
711 1393 811 1421 nova
833 1381 971 1419 robora
990 1380 1124 1426 Marti;

118 1452 163 1490 ln
182 1451 312 1501 quibus
333 1449 502 1498 agnoscat
523 1449 560 1488 se
579 1458 683 1499 pater
697 1479 707 1496 ‚
735 1458 847 1487 ornet
871 1460 972 1487 avos.

61 1518 304 1568 magnanima
323 1516 479 1563 seriem,
508 1517 702 1563 R-ulande,
732 1517 939 1568 propagine
963 1516 1108 1566 dignam

119 1587 280 1634 Surgere
306 1585 379 1631 iam
409 1584 547 1632 video,
575 1586 721 1634 jamque
750 1583 895 1622 referre
925 1584 1020 1623 suos.

61 1653 237 1694 frustrari
257 1652 476 1690 documenta
496 1661 660 1703 patrum,
694 1652 794 1701 spem
827 1652 959 1692 fallere
980 1653 1139 1692 nostram
1153 1682 1167 1701 ,

118 1723 279 1772 Pignora
306 1720 488 1761 Axaufiaci
518 1732 598 1762 non
626 1719 789 1759 didicere
818 1720 916 1759 laris.

688 1820 796 1852 NIC·
835 1822 1106 1852 UEINSXV5.
