1527 2807
385 255 641 287 1121!
752 250 1166 297 exo-rxg

206 358 386 408 Ingratam
407 365 463 395 ter
483 363 521 395 et
541 353 699 405 amplius
721 361 905 393 catervam
921 353 941 392 2

205 430 378 473 saevam,
407 425 573 474 Iupiter!
605 425 642 462 in
669 423 800 462 Duces
829 434 1041 472 catervam,

207 500 309 551 Quos
331 496 443 534 audax
463 495 558 533 sollo
581 495 736 544 reponis
759 494 835 532 alto
850 524 861 541 ‚

208 569 261 605 Vt
282 578 403 604 rerum
427 564 596 602 dominos
610 592 619 608 ,
650 572 686 602 et
708 562 926 614 1'111perantes
943 595 955 612 ,

207 635 352 683 Regum
374 632 483 671 instar
501 630 754 672 famulantibus
777 635 988 675 colendos?

207 706 316 750 Nos,
346 713 382 742 te
404 703 547 748 iudice,
577 713 647 740 nos
669 703 784 742 sumus
810 705 979 744 Deorum

206 774 332 813 Fallax
361 773 552 823 suppliciis
580 781 696 818 genus
720 762 881 813 cruentis

209 843 320 896 Quod
341 845 484 893 pridem
509 851 548 881 ut
571 845 703 882 meruit
725 846 875 894 perire,
908 853 1049 893 poenas

208 916 284 950 Iam
306 914 374 950 iam
402 912 578 962 perfidiae
598 913 680 950 suae
700 913 863 952 daturum
883 915 965 952 est?

211 983 307 1022 Nam
326 994 416 1030 quae
435 981 536 1019 dives
558 993 671 1031 opum
698 985 799 1032 prius
824 985 973 1032 vigebat

212 1051 318 1091 Felix
341 1053 478 1098 Patria,
508 1053 628 1090 Patria
658 1053 723 1090 ilia
744 1054 890 1097 nostra,

213 1123 320 1175 Quae
346 1130 482 1160 tantum
499 1128 605 1172 caput
626 1122 782 1169 extulit,
812 1122 999 1160 Britannis

214 1191 496 1236 Invidentibus,
527 1200 563 1229 et
592 1189 754 1228 verenda
777 1201 914 1228 nomen

217 1260 393 1299 Extendit
416 1261 547 1309 procul
569 1261 716 1299 ultimas
747 1261 783 1296 in
808 1271 919 1304 oras,-

219 1330 481 1378 Submergetur
507 1331 633 1379 aquis,
664 1329 836 1378 lacusque
868 1329 949 1377 fiet,

219 1399 272 1436 Vt
291 1399 471 1447 quondam
496 1398 587 1446 fuit,
615 1407 653 1438 ct
672 1410 819 1447 gravem
846 1399 1038 1449 mephitim

219 1470 415 1508 Exhalabit
439 1470 628 1508 olentibus
657 1470 843 1508 cavernis.

221 1540 283 1578 Sic
305 1539 428 1578 duram
450 1538 625 1578 Nemesin
647 1539 748 1576 canis
770 1538 923 1577 minari.

224 1610 261 1647 Ο
281 1609 432 1658 dignum
452 1608 590 1648 facinus
615 1609 715 1659 quod
735 1608 906 1658 expietur

222 1679 382 1718 Flamma
405 1679 576 1725 vindice,
606 1665 752 1716 culeive
775 1678 895 1728 poeni
913 1679 928 1715 2-

227 1749 298 1787 His
320 1757 358 1787 tu
378 1748 519 1787 scilicet
537 1749 670 1786 artibus
692 1747 839 1796 placere

226 1819 356 1868 Speras
376 1818 551 1856 Auriaco.
573 1817 634 1855 sed
655 1818 741 1863 ille,
773 1826 910 1866 patrem

228 1888 265 1926 Si
288 1898 364 1924 non
395 1885 594 1935 degenerat
615 1888 711 1925 suum
726 1916 736 1933 ,
769 1886 899 1935 (quod
919 1884 1004 1922 absit
1019 1884 1056 1933 ἰ)

226 1957 313 1995 Hoc
331 1965 400 1995 tam
426 1957 581 1994 immane
604 1956 726 2001 nefas,
759 1957 913 1995 Batavus
938 1955 1041 2005 ipse,

227 2027 333 2065 Diris
354 2027 520 2065 omnibus
543 2026 765 2073 exsecretur,
803 2034 838 2063 et
858 2033 894 2063 te

229 2097 366 2136 Vivum
385 2097 543 2138 devoret
565 2097 640 2137 oris
667 2105 704 2136 ut
723 2096 900 2149 profundi
