1527 2807
340 284 433 322 <190
676 285 1108 320 LYntcA.

349 387 524 428 'Recente
550 386 712 436 spumans
732 393 823 426 urna
846 388 938 428 lacte
959 389 1125 438 largitur.

359 459 539 505 Fugiente
561 456 695 494 deinde
715 455 819 495 Vere
839 468 951 507 poma
968 458 1163 507 sustentat,

355 527 525 573 Vvasque
546 526 698 573 praebet
718 539 758 565 ac
775 526 951 565 ministrat
972 528 1190 570 Autumnus.

355 597 434 635 Hac
455 605 536 649 cum
556 594 681 632 beatus
700 594 774 633 effe
794 595 925 634 debeat
943 597 1033 635 villz'i

352 664 545 716 Simulque
571 662 705 711 poffit,
733 665 878 716 insuper
899 678 1014 705 novas
1041 670 1180 716 quaerit
1190 669 1224 718 ,‘

353 738 402 778 Et
430 732 658 783 concupiscit
681 734 828 785 insuper
848 746 964 774 novas
985 748 1113 785 gazas,

353 803 502 845 Dudum
527 803 706 852 sepultas,
737 805 872 843 abditas
896 803 973 842 finu
991 812 1122 844 terrae.

352 873 431 913 Aut
452 872 477 910 fi
496 871 582 921 quid
603 884 746 923 usquam
771 875 873 912 theca
895 873 1131 913 semicorrosa

350 940 598 992 Epistolarum
620 943 789 980 continet
812 943 1009 980 solutarum

353 1013 432 1050 T0t
453 1020 536 1050 ante
553 992 693 1060 saecla,
722 1013 985 1061 promicondus
1007 1011 1192 1060 extrudit,

314 1129 319 1137 ²
353 1081 614 1131 Specubusque
634 1082 755 1118 noctis
774 1083 894 1121 exerit
918 1081 1100 1121 latebrosis
1119 1110 1132 1129 ,

350 1151 435 1190 Nec
459 1149 666 1187 invidendo
688 1149 788 1188 Solis
808 1160 908 1188 arcet
928 1152 1099 1202 aspectu,

349 1220 587 1267 miserosque
604 1228 712 1257 vexat
734 1227 770 1257 et
790 1217 912 1268 fatigat
930 1220 1085 1258 heredes

349 1290 515 1328 Intentus
536 1299 622 1324 auro
642 1286 835 1338 litibusque
855 1287 1019 1325 devotus.

345 1359 469 1402 Dein,
491 1367 595 1394 mane
619 1357 755 1394 summo
780 1356 924 1405 quando
949 1357 1103 1396 Lucifer
1126 1355 1263 1408 fulget,

347 1427 492 1466 Aurora
513 1425 657 1475 quando
677 1425 814 1464 moesta
834 1424 957 1463 lumen
979 1428 1151 1475 extollit,

348 1495 454 1543 Fugit
474 1495 568 1533 beati
590 1494 692 1532 mille
721 1495 986 1543 copias‘'ruris;

349 1563 589 1612 vacuumque
616 1563 747 1601 lectum
771 1562 913 1602 rusticis
936 1565 1146 1604 suburbanis

348 1633 542 1680 Relinquit
576 1631 708 1675 ontis,
737 1633 922 1671 villicisve
941 1634 1113 1689 concedit

346 1702 493 1740 Amoris
522 1711 654 1750 expers
676 1709 714 1736 et
733 1704 874 1750 quietus
896 1703 1063 1742 ardorum
1078 1733 1089 1751 ‚

345 1775 544 1819 locumque
565 1769 729 1806 moechis
750 1770 1003 1818 ludicrumque
1026 1773 1063 1811 se
1086 1775 1256 1823 praebet&

344 1844 399 1880 lbi
425 1841 486 1878 illa
515 1839 609 1877 bella
632 1840 876 1887 prurientibus
897 1839 1029 1877 lumbis

346 1910 454 1950 Sedet
477 1917 593 1958 parata
608 1935 618 1952 ,
648 1907 863 1956 prostituta,
891 1901 1060 1956 decocta,

343 1983 390 2020 Et
412 1981 479 2019 hos
503 1989 538 2017 et
564 1978 650 2015 illos
674 1976 769 2014 nuda
790 1975 979 2014 bafiatores

341 2051 479 2098 Digitis
499 2048 656 2099 petulcis
670 2075 680 2091 ‚
711 2045 938 2095 brachiisque
959 2048 1150 2097 complexa

344 2120 482 2159 Sinuve
504 2115 630 2154 condit
657 2115 836 2154 osculisve
858 2116 1054 2156 demulcet.
