1527 2807
394 339 766 368 vossTchz.
1077 336 1145 373 ³31

128 451 294 489 Formare
323 447 465 484 sedulae
496 445 689 483 modestam
719 444 877 480 moribus
895 470 906 487 ‚

127 520 262 557 Habitu
289 519 502 559 decentem,
531 526 567 552 et
596 514 659 551 fibi
690 514 805 561 potest
838 513 1060 552 limillimam.

132 591 166 628 Ο
199 589 320 626 Musa!
352 587 450 623 dulci
477 597 553 632 quo
580 586 702 621 furore
731 594 787 620 me
816 585 927 630 rapis!

128 661 260 697 Futura
287 659 415 695 videor
438 667 508 702 ego
537 655 677 702 reposta
702 664 872 691 cernere:

128 731 256 767 Fasces
283 730 506 766 honoratos:
535 727 706 762 Amorem
739 725 895 760 civium:

131 800 354 837 Felicitatem
383 798 498 844 gentis
528 795 836 842 Hoogevecnine:

131 870 248 907 Natos
265 897 277 914 ,
303 870 494 915 Nepotes,
522 878 569 904 ex
600 866 716 912 iisque
744 862 936 900 Posteros:

133 939 207 982 Et,
236 940 330 986 quzi,
359 937 543 981 Gerarde,
570 947 627 974 me
654 934 787 978 beasti,
814 933 1026 975 candidam,

127 1008 218 1046 Fato
248 1018 316 1045 nec
343 1008 420 1055 ipso
449 1005 716 1050 dissolubilem,
745 1005 965 1041 Amicitiam.

37 1160 142 1201 1735.
652 1159 759 1186 DAv.
795 1157 888 1184 νΛΝ
925 1155 1103 1183 nomm.

36 1424 114 1462 AD
151 1421 418 1470 WILHEL.
447 1420 585 1458 CAR.
612 1418 801 1457 HENR.
828 1419 1159 1463 FRISONEM

139 1548 353 1599 Studlo'rum
381 1559 502 1611 cauffa‘
527 1560 806 1606 anequeram
835 1561 1073 1607 rnigranterft.

37 1653 204 1750 Nunc
222 1701 309 1737 mihi
331 1699 479 1737 Phoebe
495 1698 577 1735 veni
591 1724 603 1742 ,
616 1707 729 1744 tuque
743 1708 767 1735 o
782 1697 979 1734 veneranda
1000 1697 1159 1737 sororum

33 1807 40 1816 ,
87 1771 207 1808 Turba
235 1770 318 1808 veni
337 1795 349 1813 ,
376 1771 490 1806 colles
524 1778 617 1815 quae
644 1768 735 1804 colis
766 1767 935 1804 Aonios:

37 1840 108 1886 Sed
134 1840 247 1888 qualis
279 1839 374 1877 sacra
400 1837 585 1875 redimitus
615 1847 777 1884 tempora
806 1839 905 1874 lauru

86 1910 263 1949 Concinis
287 1909 332 1946 ad
360 1907 527 1946 citharam
557 1908 665 1946 sortia
694 1907 783 1944 faeta
811 1908 944 1953 patris:

37 1980 90 2027 Et
114 1981 236 2028 quales
259 1989 456 2017 memorant
480 1980 590 2027 agiles
620 1978 801 2017 celebrare
830 1977 1005 2021 choreas,

92 2050 280 2097 Gorgonei
308 2049 446 2098 gelidus
477 2051 548 2098 quei
580 2049 658 2086 ssuit
684 2049 815 2086 humor
842 2047 948 2094 equi:

41 2121 153 2164 Nunc
181 2120 300 2167 agite,
329 2131 463 2168 argutas
492 2121 688 2168 percurrite
715 2118 851 2165 pollice
881 2116 1062 2165 chordam

91 2190 226 2236 Nunc,
253 2200 401 2238 picem,
431 2202 454 2229 o
482 2192 593 2227 laetos
621 2200 683 2225 ore
712 2189 805 2225 ciete
829 2187 973 2226 modos·

569 2262 632 2309 2¹¹5
