1527 2807
422 307 850 339 zvnch.
1099 293 1174 348 '267

73 411 211 453 Altiori
235 421 304 449 nec
323 407 472 445 vocavit
492 418 585 445 voce
608 409 714 457 Ceyx
731 408 948 455 coniugem3

71 479 196 530 Ceryli
219 489 295 516 non
316 476 364 513 fic
383 487 451 525 per
470 475 539 513 alta
559 476 687 513 stridor
713 478 781 514 ivit
803 487 974 524 aequora;

66 551 158 591 Non
179 549 267 586 Eois
292 549 331 584 in
353 546 504 592 viretiS,
537 552 617 581 orta
641 544 869 583 Memnonio
892 558 1011 596 regn,

67 620 130 660 Sic
149 618 256 656 novis
277 621 430 664 cognata
454 616 584 665 pennis
603 615 748 664 planxit
766 615 840 652 ales
863 623 1034 663 pectora;

70 685 233 736 Singulis
258 694 296 725 ut
319 685 419 724 triste
444 684 557 723 letum
577 696 676 723 nunc
700 685 830 723 Bionis
852 685 1049 735 plangitur.

63 824 188 865 Funde
210 836 328 874 nunc,
358 825 511 874 lugubre
528 835 672 863 carmen
698 821 835 868 funde,
867 825 1117 866 MusaSiceli!

65 897 179 937 Hunc
200 896 318 936 aedon
334 925 344 942 ‚
375 896 470 934 hunc
491 892 668 931 chelidon
683 920 694 936 ,
719 903 804 940 quas
824 895 1166 942 tenebatcantibus.

63 966 231 1019 Quasque
251 975 367 1004 motus
383 994 395 1014 ,
416 973 571 1015 quasque
594 960 708 998 flexus
728 958 909 999 edocebat
930 965 1084 1010 gutturis
1100 992 1114 1009 ,

60 1036 255 1074 Mortuum
274 1036 427 1079 luxere,
458 1034 566 1073 ramis
586 1028 764 1080 pendulae
786 1027 1045 1069 frondentibus
1064 1045 1075 1071 :

56 1102 127 1141 llla
145 1110 285 1148 cantat,
314 1102 407 1142 haec
429 1101 573 1141 canenti
603 1096 725 1138 reddit
742 1096 905 1136 alternos
927 1100 1050 1139 sonos.

57 1169 158 1209 Dum
180 1170 410 1220 querentium
429 1172 624 1211 volucrum
647 1177 744 1207 totus
765 1175 927 1205 accantat
945 1171 1102 1218 chorus,

58 1237 222 1288 Praeque
241 1240 380 1277 cunctis
400 1239 508 1289 longa
526 1239 663 1279 ducunt
681 1245 838 1275 turtures
859 1234 1006 1286 suspiria
1024 1252 1035 1278 :

56 1305 195 1347 Ducite
220 1318 266 1355 0,
297 1319 366 1347 nos
392 1309 512 1348 iuncta
531 1308 659 1347 vestris
682 1306 843 1345 ducimus
868 1305 1031 1358 suspiria.

59 1445 186 1489 Funde
207 1457 327 1495 nunc,
357 1446 509 1497 lugubre
528 1457 670 1486 carmen
694 1444 805 1485 funde
821 1474 831 1491 ,
861 1445 967 1485 Musa
978 1447 1089 1489 Siceli
1098 1455 1109 1490 2

51 1513 169 1554 Vnde
199 1525 337 1557 avenae
359 1516 490 1567 dignus
524 1516 660 1558 heres?
686 1516 749 1567 qui
771 1514 833 1553 fibi
857 1515 995 1556 tantum
1020 1519 1163 1572 placet,

58 1585 114 1625 Vt
134 1584 217 1632 tua,
242 1583 361 1636 perite
381 1596 533 1633 cantor,
567 1584 682 1624 fistula
701 1584 838 1624 labrum
861 1587 982 1626 terat?

57 1654 128 1695 Illa
150 1653 264 1694 adhuc
283 1654 425 1697 suavem
447 1659 573 1696 canori
594 1654 702 1705 spirat
719 1656 794 1694 oris
813 1656 988 1707 halitum,

57 1724 191 1765 manda
212 1725 358 1766 servans
382 1723 625 1774 pristinorum
650 1735 831 1763 murmura
859 1725 1158 1769 modulaminum.

56 1794 151 1835 Pana
169 1803 347 1846 poscunt,
379 1793 475 1832 Pana
494 1803 653 1833 cannae:
682 1791 843 1832 deferam
866 1806 995 1834 cannas
1019 1797 1129 1845 Deo;

54 1864 109 1905 Ni
125 1865 265 1905 recuset
283 1871 321 1903 et
340 1863 405 1903 ille
424 1873 552 1902 munus
565 1891 582 1914 ‚
609 1871 648 1904 et
668 1874 735 1903 ore
758 1865 855 1903 nolit
873 1871 1047 1916 tangere,

54 1929 188 1972 Audiat
202 1942 251 1972 ne
268 1931 400 1974 forte.-
427 1931 548 1983 pastor
566 1933 660 1972 Pana
680 1935 772 1974 vicit
792 1932 971 1976 Doricus.

54 2065 184 2106 Funde
202 2077 327 2117 nunc,
357 2066 510 2121 lugubre
529 2080 673 2110 carmen
695 2069 832 2120 funde,
855 2074 959 2113 Musa
974 2074 1087 2115 Siceli
1106 2079 1116 2115 l

50 2131 170 2188 saepe
198 2136 321 2178 scabro
339 2149 427 2188 quae
450 2140 588 2180 sedenti
611 2142 731 2180 iunxit
752 2143 788 2182 in
811 2144 964 2196 scopulo
997 2146 1106 2194 latus,
