1527 2807
414 265 824 307 tozrrcnzi
1087 268 1170 318 115

68 379 222 432 OptIma
247 372 413 416 lanificae
441 374 641 414 subducunt
670 375 787 426 pruna
813 374 983 423 sorores,

121 449 171 488 Et
195 447 256 496 qui
285 445 484 485 debuerant
511 442 584 483 fata
612 444 756 490 suffire,
784 453 946 483 manent.

67 516 200 563 Tene,
231 513 338 553 decus
358 511 549 563 Sophiae?
579 513 691 550 Mors
711 511 832 559 saeva,
863 511 1043 564 decusque
1054 513 1172 565 Lycei

121 582 215 622 Ausa
243 583 296 622 est
326 581 499 621 Lethaeis
529 591 697 629 mergere
724 581 960 629 gurgitibus?

69 653 267 703 Egregium
296 651 493 694 columen,
524 648 723 686 studiorum
751 650 908 688 maxime
937 651 1105 700 vindex,

120 722 293 761 Sternere
323 721 398 758 ten'
429 718 530 756 dirae
560 716 758 755 sustinuere
786 719 939 758 manus?

68 788 145 842 Qui
172 787 298 827 dubias
326 799 395 837 per
423 785 505 824 saxa
533 793 648 830 rates,
677 796 897 836 regeresque
920 800 990 838 per
1008 802 1173 841 aequor,

124 856 428 904 Monstraresque
452 855 569 900 viam,
599 853 740 892 scilicet
770 865 862 894 unus
891 867 986 897 eras.

70 925 215 963 Damna
244 923 377 962 dolore
406 924 520 972 gemit
546 921 696 961 confusa
725 924 906 973 perennia
935 926 1078 976 Pallas,

127 993 300 1044 Liquitur
327 1001 365 1031 et
392 992 545 1031 moestas
575 991 751 1030 Phoebus
780 990 823 1028 ad
853 992 1055 1043 exsequias.

71 1062 323 1112 Ereptumque
355 1061 482 1099 ducem
511 1059 736 1108 generosae,
768 1058 892 1106 triste,
921 1061 1121 1111 juventae,

123 1131 170 1170 Et
200 1130 325 1168 studiis
353 1137 520 1179 raptum,
548 1138 823 1177 congemuere,
851 1128 972 1168 bonis.

72 1198 145 1240 Sed
172 1206 293 1238 tamen
321 1196 394 1235 huc
423 1207 553 1235 omnes
585 1197 705 1236 lucem
735 1195 961 1242 celeremus.
1001 1205 1039 1237 et
1065 1205 1175 1238 atrox

124 1267 320 1307 Bustorum
350 1266 526 1306 immunes
555 1267 686 1305 vivere
715 1266 825 1304 Parca
853 1273 962 1304 vetat.

71 1337 164 1376 Non
183 1338 292 1386 vigor
308 1333 487 1381 Alciden,
514 1331 656 1373 formae
679 1344 748 1372 nec
761 1335 881 1372 honos
894 1334 1175 1385 Hyacynthuzn,

126 1403 323 1442 Versutum
354 1398 490 1441 exemit
519 1414 597 1441 non
625 1402 730 1441 dolus
762 1398 974 1441 Aeoliden.

71 1472 196 1512 Vnica
221 1471 409 1510 doetrinae
439 1471 504 1509 stat
529 1471 671 1520 gloria,
703 1472 867 1510 nominis
897 1471 1020 1510 austor

128 1541 236 1581 Musa
261 1542 497 1592 perennantis
526 1540 600 1578 sola
627 1541 754 1590 perire
782 1547 895 1582 vetat.

74 1612 262 1660 Igneaque
290 1618 458 1648 aeternos
489 1609 659 1658 augustae
685 1610 818 1650 mentIs
847 1609 1014 1649 honores

126 1677 391 1728 Mnemosynes
420 1677 520 1716 sacro
548 1677 653 1716 Fama
681 1676 780 1716 locat
807 1678 962 1731 gremio-

74 1745 136 1788 Sic
165 1746 271 1785 vives
300 1746 455 1795 chartis,
483 1746 541 1784 vir
571 1748 748 1792 maxime3
778 1746 931 1785 nomina
960 1745 1103 1800 semper

125 1815 327 1855 Florebunt
352 1813 466 1852 doffls
495 1814 588 1854 celsa
617 1815 884 1854 voluminibus.

76 1881 267 1932 Aligerum
295 1882 380 1921 dum
408 1890 524 1921 turma
553 1883 668 1934 rapit,
698 1881 909 1934 superisque
936 1883 1090 1934 reponit

132 1951 312 1999 Sedibus,
336 1959 376 1991 et
404 1951 542 2000 patrios
572 1952 632 1990 dat
659 1952 816 1991 tenuiss‘e
846 1951 973 1998 locos;

81 2019 206 2058 Prisca
230 2019 294 2058 ubi
323 2020 441 2058 divini
471 2019 640 2069 spatiatur
669 2021 744 2060 vita
774 2020 963 2067 Platonis,

136 2088 289 2140 Quaque
316 2088 410 2128 colit
438 2088 595 2140 Sophici
623 2088 792 2141 Praestri,
821 2099 996 2138 amorque
1023 2087 1155 2136 chori,
