1527 2807
284 277 898 329 ‘itt-raca:
1074 282 1154 335 48¹

23 397 294 439 Contemtusve
326 399 364 436 in
398 404 436 435 te
464 395 591 447 pelagi
622 395 839 434 moderator
866 392 941 435 Eoi

75 469 243 515 saeviat,
275 476 312 507 et
340 474 497 515 regnum
529 465 699 503 vindicet
729 465 805 514 ipse
836 465 954 503 suum.

27 539 106 576 lam
140 537 272 576 dudum
305 542 452 586 poenas
489 535 683 573 hominum
707 534 753 572 de
784 535 964 583 sanguine
986 533 1090 576 sumit

75 603 284 650 Fervidus,
317 610 354 641 et
375 602 489 653 spreti
524 612 720 654 permanet
752 605 802 641 ira
832 603 916 650 dei;

27 669 86 710 Ex
114 682 211 721 quo,
240 668 337 709 sacra
368 669 435 708 diu
465 673 679 720 ratibusque
712 674 872 718 intacta,
901 678 1109 723 protervae

85 741 260 788 Aequora
287 738 461 778 Lufiades
491 742 709 781 tranfiiuere
739 748 849 780 rates.

29 807 189 847 Advena
215 807 354 846 Vascus
383 816 486 855 erat,
517 810 692 860 Hispanis
724 815 850 848 rector
879 807 925 846 ab
954 809 1055 856 oris,

82 875 132 914 Et
160 874 309 913 sceleris
338 875 457 914 nostri
488 888 582 915 nave
611 876 773 916 vehebat
802 889 911 918 onus.

28 946 177 995 Iamque
211 945 308 984 novi
344 945 502 984 tumidus
527 947 713 996 superarat
735 946 860 986 limina
889 945 1022 998 ponti.

90 1018 184 1055 Cum
210 1014 308 1054 deus
328 1024 351 1052 e
379 1011 514 1062 glaucis
541 1014 674 1053 extulit
702 1024 766 1052 ora
796 1014 910 1054 vadis.

31 1087 166 1126 Forma
184 1086 331 1130 minax,
356 1084 573 1133 qualemque
597 1084 670 1124 deo
690 1083 801 1126 decet
825 1080 918 1129 esse3
953 1081 1127 1124 tridentin

86 1156 204 1203 Inque
228 1152 289 1191 dei
318 1151 446 1192 dextra
481 1152 612 1194 miffile
643 1155 790 1206 pondus
823 1161 916 1194 erat.

30 1223 156 1272 Atque
179 1224 258 1262 ait:
293 1251 321 1273 ‚‚
350 1222 552 1267 Onescis,
582 1222 674 1262 sacri
696 1235 801 1264 nove
821 1230 926 1262 nauta
940 1223 1150 1275 profundi,

89 1293 238 1345 Quanta
267 1300 337 1342 per
368 1288 464 1329 ans
495 1290 630 1330 damna
663 1300 834 1342 petantur
862 1305 986 1345 aquas.

33 1359 137 1414 Quid
168 1359 239 1398 tihi
267 1368 349 1397 cum
380 1358 541 1405 nostris,
570 1360 660 1398 ratis
690 1371 714 1399 o
739 1362 938 1400 temerarie
969 1369 1120 1410 rector,

92 1425 365 1480 Aequoribus?
394 1429 541 1476 regnis,
573 1427 743 1475 advena,
775 1428 869 1468 cede
900 1429 1006 1469 meis.

41 1499 144 1552 Quid
176 1507 296 1537 tentas
326 1498 435 1548 ponti
463 1498 632 1546 regimen
650 1497 670 1536 ἓ
698 1497 854 1536 mortale
882 1497 1024 1536 recusat

95 1566 322 1616 Imperium3
351 1565 447 1604 solus
479 1567 642 1604 numinis
673 1566 739 1605 ille
769 1567 841 1604 mei
868 1566 939 1608 est.

39 1635 158 1676 Ausus
188 1646 290 1684 erat,
322 1634 500 1680 memini,
532 1634 694 1672 Macedo
716 1635 853 1674 devota
876 1633 1053 1685 superbus

100 1703 274 1742 Thess'ala
305 1704 537 1742 Memnonio
569 1703 733 1752 pandere
764 1704 848 1743 vela
874 1706 978 1744 mari.

24 1791 26 1794 >
45 1770 251 1810 Terrarum
273 1771 327 1810 est
345 1771 618 1822 quodcunque,
647 1785 769 1813 meum
802 1775 882 1821 est‚·
903 1777 1017 1816 maria
1034 1776 1163 1819 ultima

211 1841 371 1886 restant3

110 1909 304 1949 Accedent
333 1911 455 1959 regnis
486 1912 576 1951 haec
603 1911 754 1963 quoque
785 1915 884 1953 victa
912 1916 1031 1963 meis;

55 1980 235 2024 Dixerat,
266 1987 303 2017 et
332 1987 448 2017 totum
477 1981 619 2019 classem
648 1980 789 2019 demifit
818 1982 856 2019 in
886 1993 1050 2031 aequor,

114 2046 301 2097 Laesaque
330 2047 518 2099 sacrilegas
547 2060 623 2090 non
648 2051 732 2089 tulit
761 2049 860 2090 unda
885 2055 1020 2093 trabes*

684 2185 722 2228 u
