1527 2807
428 313 876 360 *LYRICA-

112 417 175 458 Sic
202 410 355 453 exoleto
382 411 589 462 prostatin
616 410 781 460 lupanari

114 484 332 530 Triviisque
360 482 462 520 venit
492 480 595 518 turba
623 470 960 529 constupratarum‘‚

116 552 398 600 Contaminata,
428 548 575 599 spurca,
605 547 744 596 turpis,
773 546 955 592 obscena,

115 620 240 660 Aedes
270 619 455 664 Suburae,
485 617 789 666 intemperantiae
806 613 957 670 fanum,

116 688 247 730 Inflata
275 688 390 734 luxu,
419 693 455 725 et
488 679 736 735 impudentiae
760 695 924 730 merces,

119 761 228 812 Quae
256 766 334 803 nec,
354 762 527 805 petuntur
555 766 625 793 nec
653 762 824 805 rogantur
851 754 1004 802 invitaej

119 831 182 868 Sic
210 834 286 865 tota
315 822 457 862 tandem
486 823 552 861 lux
582 825 751 874 utrmque
781 822 904 861 finitur
922 837 935 864 z

116 896 188 936 nie
216 895 430 934 advocatum
458 901 496 932 et
514 896 710 932 actuarium
737 893 902 942 quaerit,

116 967 165 1005 Et
193 964 389 1004 codicillos
416 975 512 1012 quos
543 962 699 1002 tabellio
727 961 865 1012 fignet;

119 1038 334 1084 Omnesque
361 1040 580 1085 pervagatur
606 1028 759 1079 angulos
787 1030 912 1082 urbis,

116 1106 296 1146 Testesve
325 1102 449 1146 ducit,
480 1097 668 1137 iudicesve
697 1099 863 1142 sectatur.

114 1174 359 1222 Tandemque
389 1169 471 1220 post
500 1176 555 1207 tot
585 1167 790 1218 cursitantis
817 1170 1008 1220 ambages,·

67 1228 70 1231 Α
115 1246 163 1284 Et
191 1240 277 1282 binc
303 1252 340 1280 et
367 1239 452 1279 inde
479 1239 542 1288 spe
571 1247 741 1288 metuque
770 1238 940 1287 lactatus,

115 1315 200 1352 Nec
230 1312 385 1351 iudicata
413 1309 478 1365 lite
506 1307 626 1345 rursus
655 1304 828 1348 abscedit.

118 1384 218 1421 Tum
246 1380 396 1430 vespera
422 1376 613 1426 fulgente,
643 1388 725 1415 cum
754 1378 850 1416 redit
878 1377 1031 1429 noster,

121 1453 278 1489 Centum
307 1454 503 1498 procantes
533 1447 678 1485 invenit
703 1446 931 1488 ducentosve

119 1519 194 1558 Vel
222 1517 442 1557 rusticorum
471 1516 569 1554 filios
600 1514 663 1555 vel
694 1517 864 1556 urbanos.

120 1589 170 1628 Et
197 1587 254 1625 his
283 1585 468 1641 misellus,
496 1585 704 1635 obsoletus,
734 1586 912 1639 elumbis‚

120 1660 201 1697 'sot
230 1655 429 1705 impiorum
456 1663 578 1693 narrat
604 1654 864 1695 advocatorum

119 1727 368 1776 Exceptiones
398 1726 628 1774 captionibus
654 1725 799 1772 mistas,

119 1795 292 1836 Nefanda
317 1797 416 1845 iura,
450 1804 484 1834 et
513 1796 734 1842 execranda,
763 1795 954 1845 perversu

120 1866 265 1904 Venire
292 1864 390 1914 leges
419 1864 683 1915 comparabiles
712 1875 828 1903 auro.-

123 1935 270 1984 Turipes
296 1936 431 1975 cloacas
461 1935 537 1976 esse
565 1936 652 1973 dicit
681 1936 821 1984 argenti
839 1963 854 1980 ‚

124 2002 400 2053 Hirudinesque
429 2004 688 2043 nummulariae
714 2016 852 2054 perae,

127 2074 244 2112 Actes
274 2081 448 2122 patronos
476 2074 628 2112 divitum
661 2081 890 2122 togatorum,

127 2146 176 2186 Et
205 2144 396 2184 helluones
423 2143 596 2184 maximos
623 2152 875 2196 monetarum,

1138 306 1208 347 ³91
