1527 2807
492 237 808 279 CARM1NA.
1129 249 1178 289 19

45 394 1154 445 xxxxxxxxxxxxxxffiffimfflmfflxx

240 495 976 537 GENETHLlACON

489 613 729 642 DICTUM

78 709 283 764 JACOBO
337 720 417 749 vm
471 708 650 747 BEECK
703 709 1138 758 voLLENHOVEN.

441 798 602 825 ammei
635 797 749 826 rimo.

42 901 198 986 Exco
218 949 347 986 iterum
367 947 501 996 pulcro
521 958 609 995 gens
639 947 885 987 Vollenhovia
907 959 1032 996 partu,

91 1025 358 1076 Augeturque,
385 1027 473 1064 mihi
495 1026 667 1073 sanguine
687 1025 808 1075 iunfta
823 1055 834 1073 ‚
863 1027 1024 1064 domus?

41 1105 215 1145 Gratulor
235 1106 401 1144 Henrico
415 1133 427 1152 ‚
455 1104 516 1142 sed
534 1105 692 1144 carmine
712 1107 897 1154 gratulor3
926 1106 1027 1144 illum

91 1183 272 1222 Indistum
293 1185 450 1223 numeris
471 1195 546 1223 non
569 1182 679 1224 decet
699 1185 751 1223 ire
772 1185 876 1223 meis.

37 1260 130 1300 Non
149 1262 238 1300 velit
258 1262 334 1301 hoc
357 1263 526 1301 diuturna
547 1262 637 1302 fides
651 1292 662 1310 ,
691 1274 799 1312 quam
823 1261 975 1310 praestat
995 1262 1113 1302 amico
1129 1292 1138 1303 .

94 1338 217 1377 Paene
234 1340 323 1378 mihi
344 1352 461 1388 puero
481 1342 651 1388 cognitus
688 1342 763 1388 ipse
783 1352 888 1388 puer.

41 1415 96 1454 Ut
111 1414 209 1462 jacet
230 1416 267 1453 in
286 1419 388 1454 molli
410 1417 568 1456 formosa
588 1428 766 1466 puerpera
784 1419 901 1455 lesto!

93 1493 255 1542 Porrigit
275 1504 316 1533 ut
336 1504 474 1533 teneras
493 1498 665 1544 parvulus
679 1523 691 1542 ‚
719 1507 810 1534 ecce
823 1525 834 1541 ,
862 1496 1012 1534 manus!

40 1571 212 1610 Accubat
231 1581 271 1609 ut
292 1572 432 1620 cupido
454 1574 622 1611 maternis
645 1583 710 1610 ore
728 1573 892 1620 papillis!

91 1647 261 1699 (Viderit
278 1650 375 1697 hoc,
403 1649 428 1688 fi
451 1663 560 1699 quam
580 1662 656 1688 non
674 1649 797 1688 aluisse
813 1649 955 1700 Juvat.)

39 1727 271 1767 Beeckiacae
289 1730 414 1776 proles
429 1728 581 1769 Veneris
602 1727 798 1768 suavissima
810 1757 822 1774 ‚
850 1728 968 1767 salve!

91 1805 202 1845 Orbis
223 1818 348 1853 amor,
376 1807 496 1853 salve,
523 1806 679 1854 blande,
707 1806 856 1852 future,
882 1808 997 1854 puer!

40 1883 214 1923 Moribus
234 1886 419 1933 ingenium
438 1885 500 1924 seu
521 1887 643 1924 matris
663 1885 815 1923 amabile
834 1884 990 1930 reddes,

94 1959 276 2011 Quaeque
297 1965 418 2001 animo
442 1964 477 2000 in
495 1964 574 2001 miti
594 1975 666 2011 pax
680 1992 692 2009 ‚
721 1973 757 2000 et
778 1964 813 2001 in
836 1974 922 2008 ore,
950 1962 1073 2008 sedem

38 2038 115 2079 Seu
135 2048 240 2089 mage
256 2040 434 2088 iudicium
454 2041 587 2079 referes
601 2069 614 2087 ‚
640 2051 874 2088 mentemque
895 2042 1048 2088 parentis
1061 2071 1073 2086 ,

92 2118 250 2169 Peaus,
275 2119 469 2161 honestatis
489 2119 721 2167 justitiaeque
743 2118 918 2163 domum

609 2198 642 2236 B
671 2209 693 2234 2
