1527 2807
338 261 417 307 146
646 259 1062 289 vensvs

323 357 1426 380 w

384 444 918 484 PARAPHRASIS
985 427 1362 477 cARMiN1s

660 558 1097 607 ΙΟΒΙ.

579 748 876 802 Fragmentum
933 742 1093 796 Capitis
1130 739 1170 783 I.

317 818 444 905 Inter
466 857 653 896 Idumaeas
681 854 790 895 tellus
816 851 998 890 Hutfitica
1024 858 1153 899 gentes

317 926 401 980 Qu&
424 935 542 976 patet,
572 927 722 975 antiquo
744 924 858 962 tellus
884 921 1118 970 cognominis
1140 917 1258 956 Hutso
1276 946 1287 965 7

314 996 387 1033 Vir
410 992 503 1043 fuit,
532 994 728 1044 indigenae
750 990 883 1041 gentili
904 991 1059 1027 nomine
1087 988 1221 1026 lobum

315 1063 485 1109 Dixere,
518 1062 696 1102 innocuus
723 1062 826 1100 factis
850 1060 1039 1107 labemque
1060 1055 1238 1108 perosus,

313 1131 489 1170 Numinis
517 1132 698 1179 ingenuus
721 1131 839 1169 cultor
855 1161 864 1177 ,
896 1140 966 1168 nec
991 1129 1139 1177 segnior
1167 1123 1277 1173 aequi

317 1197 467 1236 Cultor.
523 1198 616 1237 Eum
639 1201 763 1249 proles
788 1201 940 1237 marium
962 1199 1107 1247 septena
1130 1197 1277 1234 beatum

315 1270 486 1318 Tresque
510 1266 610 1305 simul
632 1275 770 1316 patrem
793 1267 914 1307 decies
940 1267 1066 1305 fecere
1085 1265 1245 1317 puellae.

316 1340 437 1379 Dives
459 1348 590 1388 opum,
623 1336 726 1375 dives
746 1338 891 1387 pecoris
907 1365 917 1384 ,
941 1335 1127 1375 ditissimus
1148 1333 1226 1383 agri

317 1413 447 1459 Iugera
471 1407 682 1456 quingentis
705 1408 775 1447 late
795 1408 961 1447 vertebat
979 1406 1129 1451 aratris,

314 1479 396 1517 Vix
417 1485 537 1516 tamen
561 1477 769 1515 innumeras
793 1477 987 1527 capiebant
1009 1486 1093 1512 arva
1112 1471 1296 1512 bidentes.

319 1548 444 1596 Atque
466 1546 518 1584 uti
537 1544 748 1593 quingentis
770 1545 842 1583 sese
862 1554 919 1584 ter
947 1545 1050 1583 mille
1073 1543 1203 1582 cameli

321 1612 565 1653 contulerant
586 1613 693 1653 asinis
713 1644 723 1661 ,
754 1615 823 1653 iam
842 1627 919 1653 non
942 1598 1101 1653 armenta
1127 1612 1325 1661 videntur,

317 1683 393 1724 Sed
413 1682 533 1731 gravis
558 1679 716 1732 irriguos
737 1687 920 1724 exercitus
942 1686 994 1723 ire
1015 1695 1083 1734 per
1101 1693 1219 1732 agros.

316 1755 411 1792 Non
431 1750 540 1790 alium
562 1750 654 1790 vidit
680 1751 855 1790 Phoebus
870 1781 881 1802 ,
909 1753 980 1802 qu&
1003 1753 1142 1791 lumine
1161 1751 1288 1802 primo

320 1822 467 1861 Felices
493 1822 620 1859 oriens
643 1820 810 1860 Orientis
833 1823 1017 1872 inaugurat
1039 1833 1145 1868 oras,
1430 1864 1432 1866 ,

319 1891 479 1930 Divitiis
498 1897 556 1928 aut
578 1889 676 1928 sorte
703 1903 842 1941 parem.
899 1895 1034 1943 Neque
1057 1892 1155 1930 enim
1180 1888 1249 1927 ille
1273 1887 1414 1938 fibique

319 1959 395 1998 Aut
418 1959 507 1997 natiS
532 1959 624 1996 male
645 1971 774 2008 parcus
798 1972 909 2010 opum
929 1960 1108 2010 perdebat
1131 1960 1256 1997 inanes

316 2028 551 2068 Thesauros:
581 2026 640 2064 sed
665 2028 725 2064 ubi
746 2033 862 2077 gnatis
891 2031 952 2069 lux
971 2029 1122 2068 candida
1144 2028 1277 2068 festum

322 2096 506 2137 Attulerat
525 2094 664 2144 natale,
693 2097 793 2140 domi
811 2101 987 2151 cuiusque
1008 2099 1166 2141 struebat
1228 2145 1232 2152 ¹
