1527 2807
445 333 818 369 εοετῐσᾼε.
1121 341 1194 384 125

71 438 150 487 Ipse
177 438 239 477 nisi
266 439 432 487 propriae
459 440 615 480 facerem
647 447 840 491 praeconia
868 447 1002 495 cladis,

118 509 283 555 Amplius
310 519 346 546 et
374 508 480 557 figms
514 514 701 559 eloquium
732 516 802 553 effe
828 529 958 565 putas:

65 577 123 616 En
149 578 253 625 jaceo
285 580 460 628 supplex,
489 593 534 619 en
563 586 709 621 vulnera
737 597 851 625 coeca
876 591 1032 629 resolvo.

112 634 292 687 Fortunae
320 651 498 689 historiam
530 653 625 690 disce
651 655 805 703 benigna
831 670 946 698 meae.

62 718 166 763 Luce
190 721 307 764 bona,
340 722 494 768 primum
522 727 593 770 qua
624 735 679 770 te,
713 738 790 764 mea
817 740 858 776 go
848 730 966 775 udia,
999 731 1099 777 vidi,

110 789 191 826 Visa
216 791 301 828 mihi
332 800 452 828 tecum
477 791 610 832 summa
635 796 776 835 decoris
804 809 890 836 erat.

57 857 277 907 Exemplum
308 862 479 908 Veneris,
506 867 621 911 qualis
653 867 799 906 certaffe
824 869 959 907 deabus

104 929 251 979 Dicitur
273 942 333 969 aut
358 933 480 980 patriis
507 935 683 975 exsiluisse
708 938 828 991 vadis,

55 999 293 1053 ,ms’be-rstrinNffire
319 1005 451 1041 oculos
477 1007 596 1043 cultae
626 1009 795 1046 miracula
818 1008 981 1055 formae,

101 1069 152 1108 Et
177 1073 287 1119 coepi
314 1074 431 1111 media
463 1075 594 1113 tardius
623 1078 675 1115 ire
701 1080 773 1116 via.

51 1139 135 1177 Nec
171 1152 292 1185 mora,
324 1143 499 1181 dicendae
529 1157 592 1193 per
615 1148 767 1187 caussam
794 1150 1104 1199 appello-salutis,

97 1212 131 1249 A
160 1221 194 1249 te
220 1223 314 1260 quae
343 1215 476 1261 poterit
504 1227 602 1254 nunc
627 1218 714 1255 mihi
742 1219 813 1257 sola
843 1222 929 1259 dari.

47 1278 125 1329 Ipsa
152 1282 279 1320 intrare
307 1283 425 1330 jubes.
480 1286 607 1333 stupui
638 1289 825 1337 responsa,
853 1291 914 1330 sed
943 1293 1069 1341 ingens

94 1350 171 1388 Istis
198 1352 383 1401 principiis
416 1366 523 1393 omen
554 1357 663 1395 inesse
689 1370 798 1398 ratus.

45 1419 133 1458 Hoc
158 1432 302 1469 poteras
330 1423 489 1470 firmare,
517 1437 553 1463 et
578 1427 668 1466 felix
697 1431 828 1469 addere
853 1444 993 1471 verum.

93 1491 193 1528 Irrita
221 1503 267 1530 ne
294 1494 403 1531 facias
431 1496 552 1532 omina
585 1508 700 1544 tanta,
727 1512 870 1548 precor.

41 1559 103 1599 Ex
133 1563 196 1599 illo
224 1564 334 1600 menti
361 1564 473 1602 facies
501 1565 644 1615 insignis
671 1571 836 1617 oberrat,

87 1631 130 1669 In
160 1634 299 1670 cunflis
326 1635 455 1672 vitium
481 1636 650 1685 detegere
678 1651 747 1678 una
773 1653 919 1690 potens.

40 1701 229 1741 Acceffere
255 1705 361 1742 animi
392 1707 540 1752 laudes,
568 1720 645 1747 vox
671 1714 823 1758 mellea,
850 1714 970 1754 ridens

84 1772 135 1810 Et
163 1772 235 1812 fine
261 1775 417 1831 tristitia,
446 1777 505 1814 sed
534 1777 558 1816 s
549 1791 606 1816 ne
633 1782 733 1827 labe,
759 1783 894 1834 pudor.

36 1842 165 1882 Omnia
193 1846 280 1895 quid
305 1850 469 1886 narrem?
495 1859 565 1887 uec
589 1852 703 1890 nescis
730 1865 882 1895 caetera.
929 1856 1026 1897 Senti

82 1913 245 1953 Pulsibus
254 1916 416 1969 insolitis
445 1920 554 1957 corda
583 1923 714 1960 micare
743 1925 844 1964 mihi.

32 1964 215 2022 Krtificem
242 1987 367 2025 mirum
397 1991 478 2036 quis
505 2001 541 2029 te
566 2003 675 2041 neget
702 1994 797 2039 esse,
825 1997 1004 2046 Cupido?

81 2054 130 2092 Et
157 2066 228 2092 non
260 2059 416 2104 expertis
447 2061 607 2100 creditur
633 2064 694 2101 ille
721 2066 835 2104 vafer.

32 2122 97 2162 Ille
125 2134 200 2162 tuas
228 2125 332 2165 dotes
359 2131 513 2176 pretiosa
538 2134 698 2172 condere
723 2136 830 2175 masta

78 2193 230 2241 Institit,
257 2207 293 2235 et
321 2198 429 2239 desta
453 2201 590 2250 fingere
615 2205 720 2254 saepe
744 2217 866 2247 manu.

553 2285 566 2310 ι
594 2285 617 2312 2
