1527 2807
382 218 833 248 201110113.
1130 214 1182 245 9‘)

315 492 915 529 GENETRLIACON

103 627 313 681 JANI
381 620 1108 666 VALCKENARII,

27 751 209 853 Nunc
218 814 419 844 venustum
437 801 553 842 funde
565 812 728 847 carmen,
743 800 869 843 Musa,
881 809 990 840 natus
1002 813 1061 842 est
1077 803 1191 852 Puer,

23 882 156 920 Natus
179 886 238 915 est
263 886 348 914 meo
371 882 553 912 venustus
580 871 829 909 Valckenario
856 871 968 910 Puer.

35 946 266 988 Gratulantis
293 953 390 982 nunc
421 941 588 980 trochaei
614 940 816 978 Franecam
849 937 1022 977 rotatiles

713 1008 862 1046 Mentis
883 1007 1026 1045 currite
1051 1010 1194 1049 nuncii.

32 1152 281 1198 Valckenari,
312 1149 338 1187 si
373 1160 446 1198 qua
471 1149 611 1185 Vatum
641 1147 811 1184 cantibus
843 1146 910 1183 tibi
941 1145 1062 1192 fides,

38 1223 184 1271 Siquis
213 1232 272 1259 est
295 1221 417 1258 honor
445 1217 601 1262 Poetis,
644 1212 738 1267 (est
769 1215 941 1264 profesto
971 1210 1194 1266 maximus)

33 1292 202 1342 Accipe,
235 1289 410 1328 odilefike
424 1286 549 1332 divis,
583 1295 679 1335 quae
707 1285 893 1322 calentem
928 1285 1082 1321 numine

621 1352 745 1390 Paean
770 1361 945 1400 promere
980 1362 1040 1389 me
1067 1351 1198 1398 jubet.

35 1494 243 1535 Aesculeta
265 1495 329 1544 qui
353 1504 420 1544 per
443 1491 536 1532 Afra
558 1488 695 1528 nobilis
725 1497 855 1537 regnat
887 1488 950 1526 leo

36 1566 202 1614 Capreas
231 1574 420 1611 nunquam
439 1553 593 1608 'fugaces
617 1559 756 1605 gignit,
786 1567 848 1596 aut
875 1556 998 1595 damas
1019 1557 1151 1597 leves:

35 1633 106 1672 Est
130 1643 232 1682 equo
260 1642 416 1682 paterna
444 1632 590 1668 virtus:
621 1637 692 1665 nec
719 1625 910 1662 columbas
941 1626 1100 1672 armiger

687 1694 856 1734 Inbelles
887 1702 1043 1742 generat
1073 1690 1198 1743 Jovis.

37 1841 100 1882 sic
126 1840 216 1878 boni
243 1839 418 1889 doftique
439 1837 556 1876 doffis
586 1841 833 1887 procreantur
854 1841 893 1871 et
914 1829 1042 1870 bonis.

18 1909 104 1948 ·Sic
131 1920 246 1958 puer,
277 1920 389 1958 quem
416 1919 514 1944 nunc
541 1906 751 1944 trahentem
773 1911 874 1939 casta
903 1901 1025 1937 cernis
1054 1897 1195 1944 ubera,

38 1977 277 2029 Adsequetur
304 1987 409 2028 gesta
436 1978 576 2028 patris,
614 1973 839 2019 adsequetur
862 1969 1038 2017 gloriam,

594 2043 748 2091 Magnis
775 2051 852 2079 non
876 2038 998 2077 minor
1023 2036 1062 2075 in
1089 2035 1198 2074 vitis.

1294 714 1377 751 >mc
