1527 2807
350 295 942 337 A‘sznnrx.
1147 304 1224 349 5⁶3

87 407 118 461 ξς
145 397 318 448 Pastores
349 399 488 456 rigidas
519 403 617 442 iuffit
643 413 876 452 componere
905 404 1022 455 lites,

82 492 113 529 ·„
143 479 192 519 Et
219 479 350 518 titulos
379 476 515 516 tribuit
542 484 622 512 non
649 484 760 521 aere,
791 474 853 513 sed
883 486 990 525 arte,
1013 486 1181 528 paratos.

84 624 115 666 ¹„
144 616 290 666 Surge,
318 627 410 666 age,
441 613 528 653 diva
550 614 703 660 Venus,
734 612 930 653 Galateam
950 613 1180 667 amplectere
1203 630 1213 663 ;

303 684 430 722 castris
1103 673 1107 677 ’
1178 683 1193 698 ⁵

82 757 116 803 ⁷„
143 753 295 794 Militet
324 753 389 792 iila
419 752 515 797 tuis,
545 760 726 802 certoque
758 751 956 801 Cupidinis
987 766 1098 803 arcu,

83 852 114 875 ‚,
148 823 352 874 concipiat
381 821 534 861 validos
563 823 704 870 animo,
740 821 937 868 transfixa,
969 824 1142 864 calores!

84 923 114 944 „
147 895 212 934 Sic
243 895 312 933 tibi
342 893 388 932 de
418 891 532 931 viridi
557 893 662 931 binas
692 903 766 941 ego
790 891 930 941 cespite
958 904 1123 941 ponam,

84 987 115 1010 ‚‚
148 963 256 1001 Grati
287 963 400 1000 animi
432 961 570 1007 testes,
601 973 697 1005 aras;
726 968 762 999 et
791 960 889 998 dona
918 970 1008 1009 quot
1037 965 1143 1001 annis

86 1058 115 1079 „
146 1031 286 1069 Pocula
317 1029 430 1080 plena
459 1031 577 1069 feram
599 1032 729 1073 iactis.
760 1031 969 1078 niv-easque
992 1032 1201 1081 palumbes;

86 1126 116 1149 ‚,
145 1099 365 1148 Erectisque
396 1097 505 1145 super
535 1099 663 1138 versus
692 1100 864 1138 altaribus
891 1099 1042 1140 addam:

84 1198 114 1223 ‚‚
144 1169 246 1208 Haec
276 1168 401 1206 Veneri
428 1166 558 1206 Idaliae
603 1168 776 1220 postquam
805 1169 954 1207 Galatea
969 1170 1139 1222 superbos

84 1267 114 1290 ,‚
143 1237 316 1289 Depqsuit
343 1240 476 1276 tandem
493 1236 634 1288 fastus,
665 1240 790 1278 altaria
817 1237 989 1286 Daphnis.

84 1382 115 1428 '„
146 1377 223 1418 Sed
241 1375 328 1427 quid
347 1386 422 1426 ego
440 1376 531 1416 haec
551 1376 701 1424 frustra,
724 1376 776 1415 nii
791 1375 1046 1427 proficientia,
1063 1379 1182 1420 fundo
1195 1411 1208 1430 ‚

86 1477 113 1498 „
146 1449 251 1502 Quae
281 1447 408 1486 Getici
440 1446 589 1495 rapiunt
618 1445 814 1494 aquilones
845 1446 956 1484 verba
985 1458 1052 1497 per
1074 1450 1210 1490 auras?

89 1545 122 1568 ‚‚
152 1515 253 1570 Quid
264 1527 403 1568 queror
414 1515 435 1554 2
455 1515 655 1563 aequoreis
667 1514 811 1552 Nereus
823 1515 1076 1557 obmurmurat
1089 1520 1209 1560 undis.

22 1626 26 1630 ,
88 1615 119 1648 ‚‚
150 1588 241 1628 sola
266 1587 377 1637 igitur
407 1585 548 1635 poterit
578 1582 725 1622 nostros
756 1583 864 1623 finire
893 1584 1071 1634 dolores,

89 1684 118 1703 „
149 1659 254 1710 Quae
266 1688 275 1704 ,
289 1664 426 1706 precor
440 1688 447 1696 ,
463 1661 502 1691 ut
514 1660 698 1704 properet
710 1652 829 1702 gteffu
843 1681 852 1697 ‚
866 1653 1035 1692 Libitina
1049 1686 1057 1701 ,
1072 1658 1208 1698 citato.-

93 1751 124 1774 ‚,
152 1726 222 1765 Nil
248 1725 418 1763 lacrimas
433 1723 600 1766 Galatea,
618 1733 796 1772 precesve
809 1750 818 1766 ‚
833 1731 892 1761 aut
904 1726 1069 1765 carmina
1081 1737 1186 1767 curat
1197 1758 1210 1776 ,

93 1823 124 1844 ‚,
151 1795 206 1834 Vt
230 1805 360 1843 rupes,
389 1794 528 1831 inmota
559 1802 733 1837 manenS,
767 1802 873 1839 quam
892 1794 1060 1833 turbidus
1084 1798 1206 1837 auster

90 1892 122 1913 ,‚
151 1865 199 1905 Et
229 1864 390 1904 tumidae
419 1862 536 1901 nullis
565 1862 705 1900 feriunt
732 1860 950 1902 succeffibus
978 1866 1122 1907 undae.
1137 1868 1161 1886 ’⁸

96 1998 280 2042 Faiieris:
309 2001 469 2047 Idaliae,
502 2001 581 2040 voti
611 2012 723 2050 reus,
749 2003 856 2052 erige
887 2004 1025 2051 divae,

96 2073 211 2122 Erige
241 2073 428 2122 promiffas
457 2070 605 2126 (pietas
637 2074 689 2111 ita
719 2073 924 2123 postulat.)
955 2078 1057 2115 aras!

98 2142 279 2193 Respexit
308 2144 464 2184 Galatea
493 2151 598 2191 tuos,
626 2151 709 2183 tuus
739 2143 869 2193 ardor,
899 2155 1067 2191 amores,

672 2225 716 2252 oo
745 2225 768 2254 ι
