1527 2807
356 208 847 252 rossr1cA134'
1113 220 1158 258 31

1074 308 1144 323 —q

77 376 461 432 JoANN1
522 375 1069 417 PIERSONO

344 469 380 495 M
419 470 445 497 o
481 471 504 498 E
547 470 569 497 R
607 470 621 496 1
661 470 687 496 r>
727 469 750 495 E
789 469 826 495 M

505 542 656 582 Eclentz'.

107 595 310 694 Laetis
331 652 504 703 auspiciis
520 682 531 700 ,
561 661 748 700 venuste,
778 653 910 703 prodi,

106 725 334 762 Graecarum
358 723 499 760 arbiter
528 721 821 772 elegantiarum,

106 792 255 831 Dostor
279 793 489 842 Cecropiae
509 793 671 842 probate
696 790 869 839 linguae,

104 859 245 912 Prodi,
275 859 608 912 splendidiorque,
635 859 897 908 comumque,

108 930 199 968 Nec
224 940 374 969 vestem
400 930 543 968 macula
565 929 781 978 inquinatus
804 927 895 966 ullir.

107 997 193 1044 Tu,
225 999 352 1048 paucis
372 999 564 1037 hominum
583 997 806 1048 peritiorum
820 1024 831 1041 ‚

103 1067 258 1114 Moeri,
288 1068 460 1116 cognitus
483 1075 593 1111 ante,
621 1065 812 1103 literatum

107 1135 223 1173 Nunc
246 1135 378 1173 orbem
400 1135 544 1185 poteris
570 1134 855 1184 perambulare,

104 1205 221 1242 Nunc
245 1215 324 1253 quo
349 1206 408 1242 vis
431 1203 530 1253 pede
551 1202 675 1243 libero
693 1204 844 1251 vagari,

103 1273 223 1311 Attici
249 1273 476 1322 geniumque
498 1274 710 1321 gratiasque
727 1299 738 1316 ,

105 1341 279 1379 Pandens
300 1342 466 1392 eloquii,
496 1336 655 1388 tuasque
682 1339 808 1380 dotes,

164 1411 248 1449 Nos
265 1438 274 1455 ,
297 1421 322 1447 o
351 1409 526 1449 delicium
552 1419 660 1447 meae
684 1409 892 1454 juventae,

110 1477 315 1532 Quondam
347 1480 459 1517 traxit
483 1491 586 1517 amor
616 1487 725 1521 tuus,
759 1477 907 1526 tibique

107 1550 188 1601 Jam
213 1557 361 1587 manum
388 1546 594 1593 medicam,
622 1545 768 1585 etmihi
800 1546 975 1593 parabam

103 1619 259 1655 Nomen
274 1645 285 1662 ,
312 1628 396 1654 cum
417 1618 541 1665 rapuit
563 1615 738 1654 subortus
764 1612 875 1651 ardor

103 1686 378 1725 Transversum
407 1695 456 1722 ex
478 1682 598 1734 adytis
619 1695 757 1722 novem
785 1682 976 1727 sororum,

105 1756 169 1795 Ad
191 1755 323 1795 severa
344 1755 457 1802 magis
472 1782 482 1798 ‚
504 1754 698 1802 magisque
719 1760 845 1796 casta,

108 1826 166 1863 Vt
194 1833 271 1864 tum
301 1823 380 1861 visa
408 1823 497 1860 mihi
524 1821 655 1865 suere,
689 1821 805 1858 sacra.

104 1894 198 1931 Non
226 1894 314 1940 tulit
343 1893 474 1937 Deus,
506 1903 548 1928 ac
574 1890 697 1929 redire
719 1889 855 1936 jussst,

117 1963 195 2014 Qui
219 1962 438 2000 mortalibus
473 1961 578 1997 orbis
605 1961 642 1996 in
669 1959 819 1997 theatro

109 2031 240 2069 Partes
271 2030 488 2076 distribuit,
525 2029 720 2074 Choragus
746 2039 867 2073 unu3‚

111 2098 260 2136 Nutum
288 2109 331 2138 ut
357 2099 496 2148 ingenii
529 2098 710 2145 sequente
737 2098 874 2146 quovis

123 2165 243 2204 Scena
275 2167 324 2207 fic
356 2168 490 2208 melius
520 2165 593 2204 stet
621 2164 800 2206 univerfi.
