1527 2807
375 303 983 337 Arrznnrx.
1154 296 1230 350 535

101 416 213 454 Tunc
240 410 365 462 paffim
393 408 587 458 populus,
615 406 697 456 quis
728 407 765 445 se
793 405 937 445 debere
967 409 1121 450 salutem

156 483 349 525 Senserat,
380 482 419 518 in
451 477 591 524 magnis
621 475 749 523 coepit
779 474 920 512 habere
948 475 1041 515 deis.

101 555 198 594 Arte
231 549 446 590 Coronides
477 546 545 582 hac
571 545 625 582 est
659 547 826 583 invectus
856 545 1082 596 Olympum,

155 624 204 662 Et
238 624 342 661 sacro
372 614 511 655 meruit
538 613 655 650 thuris
685 613 840 650 honore
869 614 964 653 coli.

101 694 188 734 Hac
219 698 278 735 et,
305 689 368 738 qui
397 682 537 724 cithari
565 691 734 730 magnum
766 679 930 730 perfecit
959 682 1171 737 Achillem,
1207 671 1215 707 3

154 759 310 800 Siderea
339 754 440 793 fuifit
469 749 565 789 fidus
597 752 636 789 in
665 762 758 790 arce
787 762 944 790 novum.

97 829 147 870 Et
173 829 267 873 tibi,
301 824 385 864 Coe
411 822 557 871 senex,
585 821 762 861 decrevit
792 822 887 861 laeta
914 824 1073 864 merenti

150 893 349 934 Herculeo
375 889 515 930 cultum
547 891 709 929 Graecia
735 898 816 931 tota
846 904 987 942 parem.

97 966 287 1015 Caspare,
322 969 435 1000 macte
465 961 616 1006 animo,
647 962 711 1000 cui
741 962 896 999 nomina
924 971 1020 1002 tanta
1047 966 1218 1014 referre,

151 1033 200 1071 Et
229 1033 337 1069 datur
368 1032 406 1067 in
438 1028 547 1068 fimiii
578 1032 637 1068 cui
669 1030 793 1070 terere
823 1038 902 1067 arte
931 1029 1047 1072 diem.

98 1104 212 1143 Nunc
222 1101 385 1150 quoque,
400 1097 539 1148 templa
553 1098 643 1137 iicet
655 1097 701 1136 de
715 1109 897 1136 marmore
911 1097 942 1135 f
936 1109 1003 1137 cta
1017 1113 1218 1152 negentur,

154 1175 306 1213 Dantur
337 1166 557 1217 Apollineis
587 1170 751 1216 praemia
780 1180 911 1218 magna
941 1171 1048 1210 viris.
1196 1163 1202 1180 ³

99 1245 196 1283 Cum
226 1249 349 1292 prope
376 1237 562 1287 depositos
590 1237 808 1277 Acheronte
836 1238 1031 1278 reduxeris
1058 1241 1173 1289 oiim,

151 1312 287 1350 Thura
316 1308 386 1345 tibi
417 1318 603 1346 memores
630 1308 764 1346 mentis
797 1309 834 1346 in
866 1308 959 1347 aede
988 1310 1146 1358 dabunt;

98 1384 258 1430 Teque,
287 1377 374 1416 suae
403 1379 506 1416 vitae
538 1375 844 1424 servatoremque
870 1378 1014 1425 salutis,

151 1449 383 1497 Aequabunt
414 1447 552 1496 superis
582 1446 708 1489 laude,
739 1456 778 1484 et
806 1449 844 1484 in
877 1447 972 1485 astra
1003 1447 1139 1491 ferent.

97 1522 194 1561 Nam
225 1517 294 1557 tibi
326 1518 362 1554 se
394 1519 516 1555 salvos
547 1513 742 1552 debebunt
773 1513 880 1565 saepe
909 1520 1105 1567 cubantem

150 1585 278 1638 Saepe
308 1588 407 1624 dabit
435 1587 550 1623 victas
582 1583 752 1631 Atropos
783 1586 860 1633 ipsa
889 1599 1034 1625 munus.

95 1661 184 1700 Hoc
209 1658 372 1708 spondet
399 1653 572 1702 genitor,
605 1655 712 1690 cuius
746 1656 900 1704 vestigia
932 1658 1072 1705 caicas;

148 1729 303 1768 Paeonii
335 1727 487 1776 genitor
515 1721 634 1772 gioria
662 1735 741 1761 rara
769 1728 901 1773 chori;

94 1802 166 1840 Per
197 1809 308 1848 quem
338 1794 438 1833 letali
467 1791 535 1832 iam
567 1803 720 1842 pectora
751 1793 896 1845 frigore
925 1798 1053 1845 preffis

152 1861 402 1916 Persephone
431 1863 546 1901 rediit
566 1860 686 1914 *saepe
713 1863 897 1903 fremente
920 1867 1037 1913 saius;
1075 1885 1078 1887 ’

95 1942 218 1993 Quem
245 1937 375 1975 docuit
406 1934 506 1972 vires
537 1934 735 1972 herbarum
765 1942 805 1971 et
834 1937 989 1974 nomina
1019 1938 1214 1990 Phoebus,

150 2011 253 2061 Quas
283 2005 359 2044 fert
385 2014 531 2053 cunque
556 2003 622 2041 suo
648 2002 803 2041 daedala
832 2011 930 2042 terra
960 2006 1061 2053 sinu,-

94 2081 195 2133 Quas
226 2077 317 2126 legit
347 2078 383 2113 in
416 2075 501 2124 rip&
529 2071 743 2121 Gangetide
771 2071 935 2112 decolor
964 2077 1101 2126 Indus,

148 2149 245 2203 Quas
275 2146 391 2198 Libys
423 2144 468 2184 ad
494 2143 577 2182 Niii
610 2140 705 2180 falce
737 2141 873 2181 fluenta
903 2149 1019 2186 metit.
