1527 2807
453 301 948 332 nzaorcr
1108 296 1248 342 v=-›‹‘149

135 402 291 442 Lumine
309 403 512 440 contemnit
525 431 536 448 ,
556 401 690 441 fiendas
710 401 772 440 vel
793 403 831 440 in
855 401 987 447 hoste,
1007 403 1140 442 ruinas.
1160 428 1163 429 ν

132 468 390 522 Permissaque
411 472 502 511 licet
521 472 650 510 nostro
676 480 738 510 tua
763 472 891 511 sentiat
914 482 1031 519 arma,

135 542 289 591 Spicula
307 542 432 581 sentiat
455 541 595 590 indigni
618 543 849 591 penetrantia
868 541 961 588 fati,

134 611 296 658 Perstat,
326 621 362 651 et
378 621 518 662 ereptas
543 613 610 649 iam
633 621 710 649 non
731 612 770 649 In
792 611 958 649 Numine
982 610 1111 650 nostro

137 682 284 732 Spectat
307 693 397 732 opes
411 711 421 728 ‚
451 680 514 720 sed
537 678 685 717 fortuna
705 689 770 728 par
791 688 929 717 numen
950 680 987 718 in
1010 681 1114 719 omni

134 752 288 798 Nudus,
317 762 474 801 egenus,
506 749 615 797 inops
639 757 742 798 atque
764 748 935 786 omnibus
958 749 1073 786 orbus
1105 748 1244 791 adorat.

134 821 206 860 His
230 821 400 861 sathanas
420 818 528 856 dictis
552 816 792 861 infrendens,
823 825 1000 867 torvaque
1023 816 1170 866 linguae

139 889 300 928 claustra
322 899 431 938 vagae
458 888 552 940 turpi
577 885 777 925 diffolvens
799 884 929 923 foedus
953 886 1080 935 hiatu,

133 959 269 1004 fellis,
298 961 366 1004 ait,
397 969 466 1008 pro
495 957 618 1007 pene,
647 964 686 996 at
708 956 762 994 nil
783 952 978 1006 pretiosius
1001 956 1133 1004 ingens

135 1030 305 1067 Humana
325 1030 462 1067 Natura
482 1028 577 1077 capit
597 1025 840 1074 compagine,
870 1026 977 1063 tantis

133 1096 202 1134 Illa
225 1096 354 1140 bonis,
383 1099 487 1136 tantis
512 1097 756 1136 membrorum
782 1095 967 1144 animique
996 1095 1162 1146 superbit

129 1164 286 1202 Divitiis
301 1192 313 1209 ,
339 1167 435 1206 tanta
458 1164 589 1204 fruitur
610 1166 826 1209 dulcedine,
855 1164 999 1214 quidvis

133 1236 187 1272 Vt
204 1233 268 1271 fibi
289 1233 390 1282 vile,
421 1235 472 1273 sui
493 1247 581 1284 prae
610 1236 812 1285 temporis,
842 1234 1031 1282 aestimet,
1062 1234 1152 1284 usu,

131 1307 342 1354 Iacturaque
362 1303 482 1342 libens
502 1306 629 1354 grandi
658 1306 775 1343 breve
796 1303 963 1354 proferat
982 1314 1135 1350 aevum,

132 1375 281 1421 Proque
300 1371 358 1410 sua
383 1372 435 1410 nii
455 1383 532 1412 non
557 1362 681 1425 cuplat
701 1375 861 1413 tolerare
883 1371 1005 1412 salute.

135 1443 176 1481 Si
198 1443 265 1480 tibi
288 1450 384 1480 certa
406 1442 515 1490 igitur
535 1445 672 1492 quovis
696 1452 834 1482 tentare
854 1442 1005 1492 periclo

133 1513 267 1550 Robur
287 1511 449 1550 Idumaei
474 1513 650 1552 sententia
674 1511 813 1551 constat
841 1513 926 1551 lobi
941 1541 952 1558 ,

137 1582 221 1620 Nec
246 1582 365 1619 minus
386 1580 562 1622 effectum
583 1592 689 1633 quam
708 1580 863 1622 formam
885 1582 1070 1632 exquiris,
1107 1581 1207 1620 inani

136 1650 235 1704 Quid
256 1652 538 1700 peregrinorum
559 1652 751 1690 contendis
777 1652 880 1692 clade
903 1655 1110 1699 bonorum,

135 1721 390 1768 Natorumque
410 1721 512 1769 rogis
533 1728 572 1759 et
591 1721 760 1760 caedibus
787 1730 1034 1761 armentorum
1048 1720 1067 1757 2

135 1790 219 1840 Ipse
241 1789 299 1827 vir
316 1818 326 1835 ,
357 1788 430 1839 ipsa
455 1788 518 1827 suo
538 1787 618 1828 sunt
637 1792 859 1843 exponenda
881 1778 1007 1830 dolori

137 1859 329 1904 Membra,
358 1856 447 1897 salus
470 1865 506 1896 et
525 1859 599 1896 vita
621 1860 708 1900 viri.
766 1863 858 1901 Non
880 1869 964 1900 ante
988 1866 1192 1899 tumentem

135 1925 318 1972 Luxuria,
349 1927 504 1967 minimo
527 1939 672 1968 carnem
694 1931 870 1982 languore
894 1930 1092 1978 restringes
1108 1956 1123 1978 ‚

139 1995 243 2048 Quin
261 1995 332 2033 tibi
355 1997 392 2034 se
416 1995 576 2044 prodat,
609 1999 838 2053 simulataque
865 2012 986 2051 nuper
1008 2005 1138 2049 aperte

138 2063 335 2102 Excutiens
352 2065 448 2104 sacra
466 2066 600 2108 divino
623 2069 812 2111 maledicat
833 2071 986 2110 honori.

139 2132 241 2182 Tum
257 2131 382 2182 Deus,
395 2134 589 2178 immeritis
609 2149 813 2189 quanquam
834 2142 1092 2194 cruciatibus,
1118 2137 1233 2188 inquit
1247 2171 1259 2191 ,

691 2207 704 2245 1
731 2216 752 2255 3
