1527 2807
368 304 968 344 hrtttnxx.
1134 310 1208 354 561

82 411 195 453 Talia
211 412 429 454 'coeruleae
457 410 648 452 Nereides
678 409 942 451 exclamantem

77 480 308 528 Audserunt.
341 482 506 521 lacrimis
536 481 582 519 ad
610 480 748 530 fingula
774 481 890 521 verba
919 480 1102 531 profufis!

70 578 104 603 „
133 551 234 602 Ergo
267 561 474 603 perpetuae
508 550 712 588 torrebant
731 548 870 588 viscera
907 549 1100 598 flammae,

66 644 97 667 „
128 620 227 673 Quas
238 633 361 670 neque
370 627 505 659 cuncta
518 618 590 656 suis
602 617 842 666 restinguere
853 615 1007 660 flumina
1017 622 1196 672 lymphis,

65 714 97 736 ,‚
127 690 215 729 Nec
246 691 396 729 valeant
425 688 521 728 vasti
556 687 762 738 spumantia
790 697 977 728 marmora
1004 691 1158 731 Nerei?

63 783 92 803 „
120 758 223 806 Ergo
253 758 390 796 letales
419 758 459 797 in
493 768 557 797 me
589 756 666 796 fine
695 756 773 795 fine
800 755 943 804 sagittas

64 852 96 872 ‚,
124 825 332 863 Indomitus
360 827 550 873 torquebit
581 825 700 864 Amor
732 822 937 873 plaudente
967 824 1133 866 Dione?

60 921 92 941 ‚.
121 894 207 931 Nec
233 896 385 944 sperare
412 896 504 934 meis
537 891 903 943 ullam-quandoque
927 895 1080 937 salutem

60 988 90 1008 „
111 962 356 1001 Vulneribus
370 989 383 1009 ‚
394 963 601 1012 saevosque
616 963 731 1011 licet,
740 964 876 1011 quibus
888 967 1027 1005 urimur
1040 997 1051 1013 ,
1062 969 1182 1017 ignes,

60 1060 94 1081 „
126 1032 173 1070 Et
201 1034 292 1070 mala
321 1032 490 1072 damnofi
519 1031 758 1080 compescere
786 1030 925 1071 semina
952 1035 1105 1074 morbi?

62 1193 90 1216 „
122 1168 278 1209 Scilicet
307 1167 519 1216 aeternum,
552 1169 717 1209 formosa
745 1170 896 1220 puella,
925 1172 1092 1224 superbo

61 1266 92 1290 „
123 1241 200 1279 Stat
228 1240 296 1278 tibi
325 1248 535 1290 conceptos
561 1240 742 1278 sententia
770 1248 870 1278 certa
900 1241 1070 1289 calores,

59 1338 87 1358 „
116 1310 206 1347 Pars
237 1311 398 1354 animae,
432 1309 605 1354 Galatea,
634 1316 755 1354 meae,
786 1319 1034 1351 contemnere
1062 1312 1182 1352 fastus

57 1406 89 1430 ‚,
118 1379 165 1416 Et
193 1389 314 1417 tamen
344 1372 426 1415 ante
457 1378 574 1415 Ceres
605 1376 773 1415 nascetur
801 1378 839 1416 in
869 1390 1036 1427 aequore
1056 1385 1182 1431 vasto,

62 1475 90 1494 „
120 1448 259 1485 Navita
289 1445 454 1485 velifera
481 1444 657 1484 tellurem
685 1456 814 1495 puppe
839 1446 1003 1498 secabit,

59 1542 91 1567 „
120 1518 253 1555 Bruma
281 1516 382 1555 dabit
411 1516 535 1554 violas
568 1523 605 1553 et
633 1525 842 1565 purpureos
869 1517 1070 1566 narcissos,

57 1616 90 1637 „
120 1588 308 1626 Sithoniae
333 1586 468 1625 aestate
500 1587 612 1623 nive·
640 1584 873 1633 glaciemque
906 1588 1078 1637 videbis,

57 1685 86 1704 ,‚
116 1659 294 1708 Gryphes
306 1660 411 1706 equis
424 1685 437 1703 ‚
448 1655 598 1693 canibus
612 1654 765 1703 lepores
776 1641 989 1704 iungentur,
1005 1668 1042 1698 et
1053 1672 1176 1712 atrox,

56 1755 87 1778 ,‚
116 1729 296 1777 Ignavam
326 1724 532 1778 pecudem.
561 1722 680 1772 fugiet
709 1723 816 1772 lupus
847 1725 924 1775 ipse
950 1732 1140 1780 capellas;

58 1824 85 1844 ,‚
119 1797 240 1849 Qudm
266 1797 410 1847 poterit
425 1793 619 1842 Daphnis,
640 1791 815 1839 mealux,
836 1798 1175 1851 mensolacupido,

55 1894 88 1915 ‚,
119 1868 318 1905 Immemor
346 1863 421 1903 effe
449 1864 524 1908 tui,
553 1860 740 1911 solemque
769 1862 898 1902 videre
926 1866 1122 1915 superstes.

57 1963 84 1982 ‚,
118 1935 175 1972 Dr
203 1932 305 1983 prius
334 1945 359 1971 ο
388 1932 569 1981 iubeant,
591 1931 709 1970 anima
731 1932 924 1971 evanescat
949 1935 987 1973 in
1012 1947 1116 1975 auras

57 2030 86 2051 „
115 2004 245 2047 Haec,
277 2001 415 2039 devota
444 2003 536 2047 tibi,
564 2001 669 2052 quam
692 2011 751 2051 te,
783 2013 860 2042 mea
879 2005 979 2051 vita,
1011 2008 1146 2046 relicta

54 2099 81 2120 ‚,
110 2072 277 2110 Alterius
305 2071 428 2122 capiar
455 2078 606 2109 mutatus
633 2081 758 2111 amore
787 2073 957 2122 puellae!

55 2170 86 2193 „
118 2143 222 2196 Quae
241 2140 330 2180 mibi
350 2141 491 2191 primus
511 2149 641 2185 amor,
671 2140 826 2182 Galatea
848 2141 1041 2183 noviffima
1058 2145 1166 2186 nobis

677 2221 729 2249 oo
