1527 2807
263 251 333 296 158
619 257 1026 288 vnnsvs

258 360 414 399 Rursum
440 357 549 406 igitur
571 352 695 405 longis
716 355 923 394 volvendos
946 357 1126 397 mensibus
1154 361 1292 411 orbes,

254 432 301 470 Et
319 430 461 473 tardos,
492 424 592 464 velut
611 432 692 464 ante
706 452 718 473 ‚
748 434 877 473 querar
898 429 1104 473 procedere
1124 430 1251 469 soles?

255 500 361 553 Qua,
392 497 499 534 venit
519 493 555 534 in
577 504 734 534 mentem
751 522 763 541 ‚
793 492 835 531 fis
856 497 1068 546 tempestate
1091 499 1318 549 profectus?

255 570 353 610 Hic,
386 568 447 604 ubi
468 565 611 604 maturis
633 563 794 602 flavescit
816 575 958 615 campus
979 568 1120 613 arist-ts,

255 637 398 676 Callosa
418 645 507 674 tunc
528 634 658 673 fronte
677 635 839 673 trahebat
858 643 976 674 arator
992 636 1119 675 asellus

254 707 474 760 (Insolitum
493 705 598 744 nobis
617 701 726 752 visu)
756 713 868 752 grave
889 703 1035 752 pondus
1055 704 1193 743 adunci

254 778 429 817 Vomeris
443 805 454 822 ,
477 775 641 814 incusans
663 773 838 812 ducentes
860 772 937 811 otia
956 780 1095 811 tauros.

252 846 295 887 Id
315 846 404 883 mibi
426 845 486 882 vel
506 855 638 894 magno
657 844 809 893 spatium
827 843 882 880 est
903 841 1114 881 diuturnius
1139 853 1263 891 anno,

255 917 304 955 Et
324 923 423 953 tanto
443 922 551 964 potes
565 943 577 959 ,
601 913 807 951 inclemens
823 939 832 956 ,
863 911 1105 960 superaddere
1126 910 1311 962 quicquam
1325 914 1345 953 ’.ἔ

255 986 336 1023 Ah!
368 996 536 1034 peream,
566 981 635 1021 nifi
657 993 716 1019 me
737 992 837 1018 mora
857 979 990 1019 fecerit
1010 983 1075 1021 ista
1097 983 1245 1032 perire!

251 1055 328 1096 on
349 1054 518 1093 defiderii
540 1054 615 1091 vini
637 1053 794 1092 saevam!
823 1050 905 1100 quis
924 1064 995 1102 ego
1019 1053 1168 1091 demens

253 1126 338 1163 Nos
359 1123 472 1161 modo
491 1123 696 1173 iungendos
719 1123 897 1171 fingebam
919 1122 1150 1172 amplexibus
1171 1122 1319 1161 ambos!

255 1193 403 1232 Arctius
431 1192 624 1241 implicitas
646 1204 722 1230 non
744 1192 863 1229 cernis
887 1194 1023 1231 vitibus
1042 1191 1161 1229 ulmos
1176 1220 1188 1237 ,

256 1262 423 1302 Annosas
448 1261 568 1298 ulmos
582 1289 591 1305 ,
622 1261 648 1297 fi
667 1272 752 1308 quas
775 1261 990 1308 regionibus
1011 1261 1086 1300 illis

255 1329 457 1379 Agricolae
471 1358 481 1374 ,
503 1331 583 1378 plus
603 1340 708 1378 quam
729 1329 854 1377 glebas
877 1330 1022 1369 versare
1040 1331 1178 1381 periti,

253 1398 423 1453 Qualiter
444 1396 528 1445 hic,
559 1399 677 1438 ulmos
698 1398 826 1438 tenera
845 1410 928 1438 cum
949 1400 1025 1439 vite
1047 1399 1230 1438 maritant.

259 1471 374 1522 Quam
398 1480 497 1514 mea,
532 1478 603 1516 pro
624 1476 718 1507 voto
750 1467 775 1505 fi
795 1479 873 1507 rem
894 1469 1058 1507 Fortuna
1076 1467 1240 1515 tulisset,

257 1540 422 1576 Nectere
441 1537 581 1575 dilecto
604 1537 800 1577 meditabar
820 1539 965 1577 brachia
987 1539 1112 1577 collo!

255 1610 350 1647 Nam
374 1609 439 1646 tibi
463 1619 540 1645 non
563 1609 598 1646 se
623 1605 807 1657 quisquam
838 1608 927 1646 alius
949 1607 1002 1645 fic'
1022 1607 1128 1646 iactet
1149 1608 1303 1646 amicum
1319 1635 1335 1654 ‚>

257 1679 368 1716 Neve
396 1685 459 1715 tuo
480 1677 667 1726 quisquam
689 1677 736 1714 fic
756 1675 910 1716 foedere
931 1674 1082 1724 gaudeat
1103 1679 1219 1725 alter,

257 1748 402 1786 Moeris
423 1749 498 1793 uti,
529 1747 718 1796 postquam
741 1745 795 1783 est
811 1745 852 1782 ad
872 1744 967 1782 culta
989 1746 1136 1784 novalia
1156 1747 1285 1786 Rheni

255 1818 396 1856 Delato
419 1827 544 1855 coram
564 1824 687 1854 tecum
707 1815 783 1853 data
805 1813 914 1862 copia
933 1811 1048 1850 fandi.

259 1885 384 1933 Atque
408 1887 545 1922 utinam
570 1882 798 1934 primis‘una
820 1883 979 1921 licuisset
1001 1884 1046 1920 ab
1073 1888 1174 1925 annis

261 1954 412 1992 Pascere
445 1965 555 1995 oves,
583 1955 752 2003 grataque
779 1952 882 1991 fimul
906 1953 1090 1990 recubasse
1109 1953 1173 1992 sub
1195 1950 1348 2000 umbra,

264 2024 356 2061 Cum
379 2021 492 2062 vitans
513 2023 649 2061 aestum
673 2020 792 2062 media
822 2024 889 2060 iam
906 2029 1011 2070 parte
1040 2021 1117 2060 diei

260 2092 392 2132 Exacta
409 2093 531 2133 crudas
553 2105 645 2144 grex
667 2092 775 2133 fessus
796 2092 953 2131 rumina:
976 2091 1127 2139 herbas,
