1527 2807
338 280 422 327 ⁴258
676 271 1120 311 arraret:

344 383 462 439 Quale
484 378 637 429 templi,
676 388 757 417 cum
775 376 956 426 precantis
984 378 1094 415 verba
1114 387 1248 417 numen
1267 378 1429 429 accipit..

769 447 908 484 Aurum
935 445 1078 494 fulgure
1099 447 1279 487 verberat.

343 522 497 574 Quippe
521 516 651 555 amicus
674 513 736 552 ille
766 511 875 552 Divis
891 544 901 563 ‚
931 516 1087 563 curaque
1109 502 1402 562 Immortaliurng

344 588 498 640 Quippe
519 594 618 624 natus
634 613 643 628 ,
673 594 752 620 curn
775 583 952 632 benignae
976 586 1076 623 stella
1100 584 1199 623 fulsit
1222 586 1406 636 Cypriae.

344 656 437 694 Cum
459 654 597 704 triplex
621 652 791 691 feliciore
815 654 923 692 Parca
944 655 1070 704 plenas
1092 654 1232 693 vellere

777 722 930 760 Vei-sare
953 724 1132 771 inciperet
1154 723 1273 762 colos.

342 796 441 834 Mox
462 792 642 832 tenellum
662 803 729 841 per
755 793 870 834 vireta
895 790 1000 826 Musa
1025 790 1127 829 duxit
1147 791 1291 840 laurea,

344 864 478 912 Deque
502 861 621 898 vocali
651 862 789 898 beatum
808 868 934 910 pectus
956 859 1048 896 unda
1070 861 1224 909 proluit.

344 933 449 971 Hinc
471 930 627 968 canendi
652 937 748 967 tanta
768 932 909 973 virm,
941 929 1028 965 hinc
1047 928 1190 967 furores
1213 927 1365 976 enthei,

761 1000 807 1036 Et
826 998 917 1036 felix
941 998 1084 1036 Genius
1111 999 1209 1035 viro.

344 1069 426 1120 lpse
449 1069 591 1111 Paean,
621 1066 792 1105 barbiton
813 1077 894 1102 cum
916 1066 1085 1104 sumserat
1104 1068 1257 1116 primam
1279 1078 1394 1118 puer,

344 1139 588 1187 manuque,
618 1136 866 1186 pollicemque
897 1138 991 1174 rexit
1015 1138 1051 1173 in
1073 1137 1280 1185 testudine;

342 1208 426 1260 Ipse
446 1206 573 1257 grandi
599 1204 795 1255 personare
819 1206 955 1254 plectra
981 1205 1074 1243 iussit
1099 1207 1283 1253 carmine,

758 1274 874 1311 Vultu
900 1275 961 1312 sub
983 1276 1100 1313 Patrui
1125 1275 1250 1313 latens.

344 1346 467 1386 Docta
492 1343 611 1386 vidit,
639 1340 827 1390 caelioque
849 1345 967 1392 Virgo
991 1343 1114 1382 ridens
1133 1344 1294 1392 lumine,

343 1417 488 1464 Perge,
510 1411 627 1457 dixit,
648 1422 760 1460 perge.
784 1414 942 1461 magius,
958 1414 1089 1462 Petro,
1113 1414 1180 1450 iam
1202 1414 1328 1462 stupor
1341 1412 1449 1460 viris;

343 1487 406 1527 Sic
427 1493 510 1521 meo
529 1479 710 1529 quondam
732 1480 875 1529 legetur
895 1493 1043 1520 aureum
1065 1494 1198 1521 nomen
1219 1484 1360 1534 peplo,

766 1552 867 1590 Sel-is
890 1552 1009 1601 gloria
1031 1551 1204 1601 posteris.

343 1620 452 1659 Plura
473 1616 610 1661 Pallas,
641 1617 745 1667 plura
773 1620 860 1660 fecit
882 1623 1053 1661 Phoebus
1079 1622 1170 1661 altor
1192 1622 1363 1667 Artium,

343 1689 464 1737 Atque
487 1688 668 1727 alumnum
685 1691 915 1731 collocarunt
940 1693 976 1730 in
1001 1685 1143 1730 theatro
1165 1691 1380 1741 splendido,

343 1758 452 1797 Vnde
476 1758 511 1796 se
532 1765 646 1797 totum
667 1771 735 1810 per
759 1761 898 1799 Orbem
921 1763 1039 1801 vividi
1063 1764 1117 1800 vis
1140 1762 1268 1811 ingeni

757 1826 848 1867 Late
870 1831 1050 1879 spargeret
1073 1834 1190 1880 ignea.

345 1895 545 1946 Auspicato
565 1905 651 1936 tunc
675 1899 805 1937 Dione
823 1900 1013 1948 copulavit
1034 1899 1220 1946 foedere,

346 1966 395 2004 Et
417 1966 569 2017 pudicae
586 1967 693 2015 prole
716 1966 828 2005 multa
850 1969 1019 2018 coniugis
1040 1970 1148 2009 solvit
1171 1972 1312 2010 finum:

346 2034 481 2074 Blanda
505 2045 581 2076 non
602 2036 681 2076 satis
701 2037 865 2076 sororum
886 2040 1003 2087 triga‚·
1032 2048 1134 2078 natus
1154 2040 1316 2088 additur,

756 2108 874 2149 Docti
894 2109 1067 2148 delicium
1083 2110 1208 2159 patris.
