1527 2807
305 328 906 362 annona-en.
1096 329 1173 372 497

43 432 146 487 Quin
176 431 287 482 igitur
312 436 437 482 partos
461 426 589 479 potitis
619 434 804 478 gratemur
833 429 1021 477 honoreS,

93 503 140 542 Et
170 504 325 549 titulos,
358 501 426 540 tibi
458 511 556 538 nunc
585 511 677 549 quos
708 500 808 538 dedit
838 499 930 538 alma
958 499 1128 540 Themis.

40 573 141 626 Quin
172 570 299 622 potitis
329 582 400 620 pro
429 577 466 608 te
497 569 665 607 submissa
695 581 790 607 voce
822 581 990 618 rogemus

91 640 276 679 Nereidas
307 637 441 676 virides
460 664 473 681 ‚
508 638 790 687 Nereidumque
817 646 975 687 patrem.

41 711 109 755 sic
135 709 364 761 tempestates
395 708 600 747 tenebrofis
630 710 778 747 claudat
809 709 846 745 in
876 710 990 748 antris

43 792 58 799 ·
98 780 263 824 Aeolus,
296 777 434 816 incerti
464 789 512 815 ne
545 775 641 815 furat
672 777 724 814 ira
752 779 890 824 maris3

48 850 319 898 obstrictisque
350 846 432 885 aliis
469 855 619 884 ventum
650 846 831 886 concedat
860 846 993 892 eunti.

96 919 232 957 1nflata
267 931 288 957 a
323 927 455 966 tergo,
485 918 548 964 qui
581 926 641 954 tua
669 919 750 955 vela
776 916 885 959 ferat.

47 986 114 1028 sic
141 988 231 1032 tibi,
267 987 313 1026 fic
344 980 469 1024 nullae
497 994 646 1023 currant
674 982 751 1024 fine
781 985 904 1026 fidere
931 996 1088 1035 noctes,

100 1057 240 1097 Navita
271 1066 347 1106 quo
375 1054 496 1092 cursus
527 1054 662 1102 dirigat
689 1061 767 1092 arte
799 1052 894 1094 suos,

49 1126 126 1168 Sed
157 1124 305 1163 faveant
327 1125 490 1174 gemini,
525 1123 704 1161 radiantia
733 1121 894 1169 lumina,
924 1123 1083 1175 fratres,

103 1197 281 1235 Praebeat
310 1203 348 1233 et
377 1193 534 1233 nitidum
566 1193 649 1231 luna
680 1191 806 1231 serena
835 1194 951 1232 iubar.

43 1265 107 1307 sic
137 1264 298 1304 formosa
331 1273 417 1303 tuae
449 1264 562 1301 lateri
596 1263 744 1300 Galatea
774 1263 954 1312 carinae,

99 1333 379 1383 Nereidumque
408 1334 571 1377 cohors,
604 1334 750 1370 haereat
781 1340 895 1379 usque
923 1342 1065 1372 comes.

49 1402 209 1459 Quaque
245 1405 343 1442 viam
375 1403 509 1448 facias,
540 1402 657 1439 stratis
683 1399 886 1448 aequaliter
919 1403 1030 1441 undis

105 1472 312 1512 Caeruleos
341 1472 480 1509 Triton
511 1482 581 1520 per
612 1481 712 1508 mare
742 1468 865 1510 flectat
895 1484 1034 1521 equos;

50 1544 95 1582 In
126 1544 275 1582 brevia,
305 1550 341 1580 et
372 1543 508 1591 syrtes.
541 1549 577 1577 et
600 1539 677 1578 saxa
701 1539 853 1579 latentia
883 1551 1004 1590 ponto

104 1612 168 1650 Ne
200 1609 337 1648 tumida
366 1610 556 1659 abreptam
586 1618 757 1657 torqueat
784 1613 881 1649 unda
909 1602 1043 1651 ratern.

49 1678 128 1726 Dr,
156 1679 244 1716 vasti
274 1679 470 1728 imperium
502 1678 626 1727 pelagi
659 1677 741 1726 quis
772 1678 842 1716 fata
873 1681 1080 1730 dederunt,

110 1749 283 1798 Accipite
313 1752 358 1786 o!
398 1747 535 1786 nostras
568 1759 659 1785 aure
689 1749 841 1786 favente
868 1754 1021 1797 preces!

55 1816 258 1855 Fallimur?
291 1829 359 1865 an,
392 1817 458 1854 fati
489 1817 713 1865 praenuncia
745 1820 853 1856 turba
883 1818 1017 1867 futuri,

111 1887 316 1935 Pennigeri
349 1888 487 1925 faciunt
518 1889 644 1925 omina
675 1888 767 1925 laeta
793 1889 963 1937 greges?

60 1953 124 1994 Sic
151 1954 288 1993 dextris
316 1958 446 1994 avibus
476 1955 681 1995 retinacula
713 1955 840 2000 [οἰνος
870 1956 1051 2007 brevique

119 2024 313 2074 Adspiciat
342 2027 464 2065 vultus
495 2026 623 2064 Indica
651 2032 749 2064 terra
780 2028 884 2064 tuos!

65 2096 140 2140 Et.
167 2095 330 2142 quamvis
360 2094 478 2145 longo
506 2095 720 2141 disiungant
750 2095 955 2136 intervallo

121 2165 204 2205 Noe
234 2158 329 2202 male
358 2163 514 2205 divertit
543 2163 612 2204 fata
640 2165 798 2214 maligna
826 2165 944 2211 lucin

705 2235 754 2272 kk
