1527 2807
0 124 19 366 “‘-·.-·-5—1..*—.--*‘-⁴
16 47 20 108 —„*

337 326 416 366 300
668 319 1097 352 ιῐιιοᾼ.

383 525 474 568 AD
529 521 1002 569 FRANCISCVM
1058 523 1400 571 SZILAGYI.

337 643 533 731 Szilagi‚
566 684 739 721 iuvenum
771 684 1035 733 eruditiorum,

335 751 524 791 Leidanae
551 753 645 790 sacra
675 754 736 801 qui
764 753 870 792 litant
898 754 1118 799 Minervae,

336 821 423 861 Flos
451 831 575 865 nunc,
604 832 691 859 mox
723 821 863 869 patriae
890 819 997 857 decus
1027 819 1173 869 future,

335 892 412 930 Iam
441 900 533 938 quae
560 898 596 926 te
626 890 766 938 cupidis
792 898 904 927 vovet
938 889 1083 927 lacertis

336 958 522 1008 Amplecti
552 958 739 1003 reducem,
768 957 887 996 datura
917 958 1069 1007 dignos,

339 1028 472 1066 Doctis
502 1038 591 1076 quos
620 1027 744 1066 studiis
773 1036 914 1072 meren
944 1027 1121 1065 honores.

342 1167 445 1216 Ergo
473 1166 642 1214 linquere
674 1176 741 1202 nos
770 1177 898 1214 paras,
928 1167 1062 1205 amice!

341 1237 401 1276 Ad
430 1247 498 1274 nos
529 1235 618 1272 haud
649 1234 810 1272 rediture
840 1234 958 1273 forsan
989 1246 1160 1284 unquam;

341 1307 463 1358 Quem
492 1301 688 1346 modestia,
718 1302 933 1353 candidique
960 1316 1102 1353 mores,

340 1374 543 1414 Libertatis
573 1381 696 1407 amore
726 1380 849 1418 pectus
883 1371 1032 1417 ardens,

343 1444 476 1482 Graiae
506 1451 582 1478 non
611 1440 702 1477 levis
731 1449 813 1475 aura
840 1450 947 1486 quem
980 1440 1178 1483 Camenae.

343 1510 503 1550 Romani
536 1509 629 1546 bona
664 1510 831 1547 carminis
861 1507 1037 1555 facultas,

344 1583 437 1620 Tam
465 1591 586 1618 carum
618 1573 705 1614 mihi
737 1575 925 1624 fecerant,
960 1588 997 1617 ut
1027 1578 1122 1616 ulnis

343 1650 468 1699 Aegre
497 1659 532 1688 te
562 1648 674 1698 patiar
704 1647 791 1684 meis
821 1646 972 1687 revelli.

344 1791 385 1835 1,
415 1789 604 1826 Francisce
621 1815 635 1836 ‚
664 1795 807 1830 tamem
832 1785 955 1824 beatus
985 1787 1062 1831 ito.

343 1854 434 1909 Qub
461 1867 539 1901 res,
570 1856 687 1904 gloria
716 1854 792 1902 quc')
822 1864 926 1892 vocat
954 1857 1134 1905 cupitum

346 1925 552 1973 Exemplo,
585 1925 757 1967 monitis,
786 1933 865 1961 tuos
895 1922 1030 1960 doceto

345 1992 564 2031 Doctrinam
593 1991 770 2029 Veterum
802 1993 1052 2031 severiorem:

346 2062 411 2100 Est
440 2060 547 2098 nobis
575 2059 738 2105 animus,
768 2060 871 2098 bono
899 2061 1030 2099 sodalis

350 2128 426 2179 Qui
454 2127 552 2166 suum
580 2137 736 2177 nequeat
764 2129 903 2172 bonum
929 2129 1130 2170 anteferre.

348 2242 462 2285 1791.
1085 2248 1400 2280 unrztnvae.
