1527 2807
408 295 898 330 aznorcz
1133 290 1212 333 ,151

103 397 304 439 Inter-mista
324 393 416 441 suis,
444 406 514 434 nec
533 402 589 434 tot
612 392 778 434 violenta
799 400 941 432 tuorum

81 469 263 513 ‘Funera‚
293 475 363 503 nec
386 464 510 503 lacero
530 465 672 514 patiens
696 463 732 501 in
756 474 918 513 corpore
941 460 1112 514 quicquid

102 540 227 574 Iuncta
247 532 359 573 fames
382 533 543 580 morbis,
571 534 737 583 auctique
759 531 902 584 pudore
925 531 1080 572 dolores

100 610 143 643 In
166 604 352 654 desperato
373 602 531 653 gaudent
555 601 701 641 suadere
730 603 898 652 periclo,

98 675 186 713 lrati
207 675 376 712 meritum
394 674 463 712 tibi
487 671 691 711 conciliare
712 669 878 711 favorem

102 745 276 784 Numinis
299 744 374 794 ipse
395 743 518 789 vales,
548 743 610 781 ubi
630 741 754 792 paffim
776 741 867 780 laeta
886 744 1048 793 superbit

101 818 298 866 Impietas,
328 814 528 863 mediisque
551 811 666 852 illaefi
685 823 706 850 e
727 809 866 849 sedibus
887 813 994 860 aequi

97 886 296 927 Damnatur
318 883 444 933 gelido
466 885 583 922 virtus
608 882 757 930 decepta
779 878 967 929 sepulcro.

102 955 306 1004 Obstupuit
324 954 382 991 vir
401 937 540 991 i‘anctus
562 949 603 989 ad
629 950 740 1000 impia
764 951 876 988 verba
895 978 906 995 ,
935 953 1127 1003 premique

98 1026 253 1064 Pectora
272 1024 341 1060 iam
364 1020 474 1060 solito
494 1019 599 1058 senfit
621 1018 762 1056 maiore
784 1029 937 1060 veneno
953 1051 963 1070 ‚

98 1094 333 1143 Infigensque
354 1090 487 1131 oculos
513 1088 620 1128 vultu
642 1088 834 1128 miserante
857 1092 1031 1140 maritae,

98 1165 225 1213 Ergo,
255 1164 325 1209 ait,
356 1158 537 1200 immenfis
557 1158 697 1203 accedis
721 1166 759 1196 tu
776 1169 923 1209 quoque
945 1162 1078 1201 vulnus

98 1231 324 1270 Vulneribus
336 1258 347 1275 ,
376 1236 624 1279 quantumque
643 1226 757 1263 animi
777 1235 960 1268 tormenta
979 1229 1133 1269 dolores

99 1301 283 1351 Corporis
306 1298 510 1342 excedunt,
541 1303 675 1333 tantum
696 1293 848 1333 fanatica
867 1297 1033 1337 nostrum

100 1371 211 1409 Dicta
232 1380 383 1418 gravant
399 1370 531 1417 quovis
552 1363 756 1403 violentius
781 1364 908 1404 ulcere
928 1378 1067 1416 pectus.

98 1439 183 1477 Nec
211 1445 331 1476 tamen
355 1438 420 1476 ista
439 1436 530 1474 mihi
555 1442 691 1473 tantum
710 1433 925 1481 maledicta.
958 1437 1016 1476 scd
1041 1436 1108 1488 ipfi

97 1508 277 1556 Impingis
297 1507 491 1554 Domino,
520 1505 578 1541 cui
599 1516 680 1542 cum
698 1505 836 1542 debere
858 1502 1008 1546 salutern

103 1576 180 1614 Vix
199 1577 321 1626 cupias
335 1606 345 1622 ,
375 1574 506 1625 gaudes
530 1582 649 1613 tamen
672 1575 897 1623 exprobrare
917 1576 1072 1616 ruinam.

100 1645 274 1694 Egregias
297 1653 422 1692 certe,
453 1645 537 1695 post
558 1652 612 1682 tot
633 1644 701 1681 tibi
721 1644 889 1693 praestita
918 1646 1050 1685 blanda

99 1716 212 1754 Dona
232 1726 362 1764 manu,
403 1714 524 1756 laudes
552 1716 794 1765 meritumque
815 1715 989 1765 rependis
1013 1715 1222 1766 honorem,

102 1786 314 1825 Praeteritis
337 1793 375 1823 ut
396 1793 493 1834 grata
519 1785 645 1831 bonis,
681 1785 728 1823 ita
750 1784 855 1835 digna
878 1786 1028 1824 futuris!

103 1853 164 1892 Sic
183 1852 277 1892 fatur
297 1853 485 1896 {acriinans
499 1887 511 1905 ‚
544 1868 615 1896 nec
637 1865 736 1895 voce
766 1856 836 1895 huc
856 1867 969 1906 usque
994 1866 1064 1893 nec
1088 1864 1169 1898 actu

103 1922 276 1962 Offendit
294 1924 526 1975 Dominum,
552 1936 616 1971 aut
637 1927 756 1966 medie
776 1927 947 1977 peccavit
976 1927 1015 1966 in
1036 1927 1105 1965 ira.

105 1997 253 2042 lamque
270 1995 479 2045 peregrinas
502 1998 586 2036 lobi
607 1997 755 2038 fortuna
772 2009 842 2049 per
865 1998 972 2037 urbes

107 2063 235 2113 spat-sa
256 2075 359 2113 vagas
379 2064 418 2106 in
438 2064 475 2104 se
492 2069 716 2119 populorum
739 2077 899 2110 verterat
916 2080 1042 2115 aures;

105 2131 231 2184 thue
253 2132 539 2185 soifflvmitae
550 2138 752 2183 iucceffum
773 2139 954 2186 ascribere
968 2139 1111 2183 ,caufl‘ae

653 2210 668 2248 ι
696 2219 721 2256 4
