<?xml version="1.0" encoding="UTF-8"?>
<!DOCTYPE html PUBLIC "-//W3C//DTD XHTML 1.0 Transitional//EN"
    "http://www.w3.org/TR/xhtml1/DTD/xhtml1-transitional.dtd">
<html xmlns="http://www.w3.org/1999/xhtml" xml:lang="en" lang="en">
 <head>
  <title>
</title>
<meta http-equiv="Content-Type" content="text/html;charset=utf-8" />
  <meta name='ocr-system' content='tesseract 3.04.00' />
  <meta name='ocr-capabilities' content='ocr_page ocr_carea ocr_par ocr_line ocrx_word'/>
</head>
<body>
  <div class='ocr_page' id='page_1' title='image "./carmina00santuoft_0109.png"; bbox 0 0 1527 2807; ppageno 0'>
   <div class='ocr_carea' id='block_1_1' title="bbox 355 190 1174 238">
    <p class='ocr_par' dir='ltr' id='par_1_1' title="bbox 355 190 1174 238">
     <span class='ocr_line' id='line_1_1' title="bbox 355 190 1174 238; baseline -0.002 -11"><span class='ocrx_word' id='word_1_1' title='bbox 355 190 816 227; x_wconf 51' lang='lat' dir='ltr'>roxrxcazg</span> <span class='ocrx_word' id='word_1_2' title='bbox 1118 194 1174 238; x_wconf 77' lang='lat'>23</span> 
     </span>
    </p>
   </div>
   <div class='ocr_carea' id='block_1_2' title="bbox 57 289 1137 2130">
    <p class='ocr_par' dir='ltr' id='par_1_2' title="bbox 62 289 999 410">
     <span class='ocr_line' id='line_1_2' title="bbox 62 289 999 334; baseline -0.004 0"><span class='ocrx_word' id='word_1_3' title='bbox 62 293 189 334; x_wconf 86' lang='lat' dir='ltr'>Palma</span> <span class='ocrx_word' id='word_1_4' title='bbox 215 300 272 334; x_wconf 86' lang='lat' dir='ltr'>ter</span> <span class='ocrx_word' id='word_1_5' title='bbox 298 301 462 332; x_wconf 87' lang='lat' dir='ltr'>auratam</span> <span class='ocrx_word' id='word_1_6' title='bbox 495 291 598 331; x_wconf 91' lang='lat' dir='ltr'>foliis</span> <span class='ocrx_word' id='word_1_7' title='bbox 627 289 877 329; x_wconf 78' lang='lat' dir='ltr'>viridantibus</span> <span class='ocrx_word' id='word_1_8' title='bbox 899 302 999 331; x_wconf 79' lang='lat' dir='ltr'>aram</span> 
     </span>
     <span class='ocr_line' id='line_1_3' title="bbox 114 359 904 410; baseline 0 -10"><span class='ocrx_word' id='word_1_9' title='bbox 114 363 264 408; x_wconf 80' lang='lat' dir='ltr'>cinxit,</span> <span class='ocrx_word' id='word_1_10' title='bbox 293 359 480 400; x_wconf 82' lang='lat' dir='ltr'>Idumaeis</span> <span class='ocrx_word' id='word_1_11' title='bbox 507 360 607 398; x_wconf 90' lang='lat' dir='ltr'>edita</span> <span class='ocrx_word' id='word_1_12' title='bbox 638 360 760 410; x_wconf 83' lang='lat' dir='ltr'>palma</span> <span class='ocrx_word' id='word_1_13' title='bbox 785 362 904 410; x_wconf 80' lang='lat' dir='ltr'>jugis.</span> 
     </span>
    </p>

    <p class='ocr_par' dir='ltr' id='par_1_3' title="bbox 59 428 1134 548">
     <span class='ocr_line' id='line_1_4' title="bbox 59 428 1134 480; baseline -0.002 -10"><span class='ocrx_word' id='word_1_14' title='bbox 59 431 265 471; x_wconf 81' lang='lat' dir='ltr'>cinnamon</span> <span class='ocrx_word' id='word_1_15' title='bbox 277 438 344 480; x_wconf 86' lang='lat' dir='ltr'>,et</span> <span class='ocrx_word' id='word_1_16' title='bbox 357 429 485 469; x_wconf 83' lang='lat' dir='ltr'>cafiam</span> <span class='ocrx_word' id='word_1_17' title='bbox 501 429 732 478; x_wconf 83' lang='lat' dir='ltr'>nardumque</span> <span class='ocrx_word' id='word_1_18' title='bbox 746 429 819 468; x_wconf 84' lang='lat' dir='ltr'>huc</span> <span class='ocrx_word' id='word_1_19' title='bbox 840 428 964 469; x_wconf 87' lang='lat' dir='ltr'>fundit</span> <span class='ocrx_word' id='word_1_20' title='bbox 985 439 1134 477; x_wconf 84' lang='lat' dir='ltr'>acerra,</span> 
     </span>
     <span class='ocr_line' id='line_1_5' title="bbox 115 496 1021 548; baseline 0.001 -12"><span class='ocrx_word' id='word_1_21' title='bbox 115 499 319 548; x_wconf 85' lang='lat' dir='ltr'>Turaque,</span> <span class='ocrx_word' id='word_1_22' title='bbox 347 510 445 548; x_wconf 87' lang='lat' dir='ltr'>quae</span> <span class='ocrx_word' id='word_1_23' title='bbox 461 499 577 537; x_wconf 86' lang='lat' dir='ltr'>mittit</span> <span class='ocrx_word' id='word_1_24' title='bbox 600 496 708 535; x_wconf 84' lang='lat' dir='ltr'>dives</span> <span class='ocrx_word' id='word_1_25' title='bbox 731 497 856 536; x_wconf 80' lang='lat' dir='ltr'>odoris</span> <span class='ocrx_word' id='word_1_26' title='bbox 882 499 1021 538; x_wconf 79' lang='lat' dir='ltr'>Arabs.</span> 
     </span>
    </p>

    <p class='ocr_par' dir='ltr' id='par_1_4' title="bbox 57 565 1051 687">
     <span class='ocr_line' id='line_1_6' title="bbox 57 565 1051 618; baseline -0.002 -11"><span class='ocrx_word' id='word_1_27' title='bbox 57 567 204 616; x_wconf 82' lang='lat' dir='ltr'>Lingua</span> <span class='ocrx_word' id='word_1_28' title='bbox 231 565 344 612; x_wconf 87' lang='lat' dir='ltr'>fave;</span> <span class='ocrx_word' id='word_1_29' title='bbox 368 568 445 615; x_wconf 81' lang='lat' dir='ltr'>J‘am</span> <span class='ocrx_word' id='word_1_30' title='bbox 469 576 588 618; x_wconf 79' lang='lat' dir='ltr'>mysta</span> <span class='ocrx_word' id='word_1_31' title='bbox 613 567 677 616; x_wconf 89' lang='lat' dir='ltr'>pio</span> <span class='ocrx_word' id='word_1_32' title='bbox 702 567 762 615; x_wconf 81' lang='lat' dir='ltr'>pia</span> <span class='ocrx_word' id='word_1_33' title='bbox 795 568 962 617; x_wconf 79' lang='lat' dir='ltr'>concipit</span> <span class='ocrx_word' id='word_1_34' title='bbox 982 578 1051 606; x_wconf 85' lang='lat' dir='ltr'>ore</span> 
     </span>
     <span class='ocr_line' id='line_1_7' title="bbox 115 633 1027 687; baseline 0.002 -15"><span class='ocrx_word' id='word_1_35' title='bbox 115 636 241 680; x_wconf 89' lang='lat' dir='ltr'>Vota,</span> <span class='ocrx_word' id='word_1_36' title='bbox 273 633 355 675; x_wconf 88' lang='lat' dir='ltr'>suos</span> <span class='ocrx_word' id='word_1_37' title='bbox 382 647 572 687; x_wconf 81' lang='lat' dir='ltr'>nunquam</span> <span class='ocrx_word' id='word_1_38' title='bbox 600 646 675 672; x_wconf 89' lang='lat' dir='ltr'>non</span> <span class='ocrx_word' id='word_1_39' title='bbox 700 635 873 674; x_wconf 83' lang='lat' dir='ltr'>habitura</span> <span class='ocrx_word' id='word_1_40' title='bbox 905 636 1027 677; x_wconf 86' lang='lat' dir='ltr'>Deos.</span> 
     </span>
    </p>

    <p class='ocr_par' dir='ltr' id='par_1_5' title="bbox 58 703 1104 824">
     <span class='ocr_line' id='line_1_8' title="bbox 58 703 1104 754; baseline 0.001 -11"><span class='ocrx_word' id='word_1_41' title='bbox 58 703 111 743; x_wconf 82' lang='lat' dir='ltr'>Et</span> <span class='ocrx_word' id='word_1_42' title='bbox 126 703 225 742; x_wconf 89' lang='lat' dir='ltr'>bene</span> <span class='ocrx_word' id='word_1_43' title='bbox 244 703 289 743; x_wconf 85' lang='lat' dir='ltr'>fit</span> <span class='ocrx_word' id='word_1_44' title='bbox 303 706 443 754; x_wconf 80' lang='lat' dir='ltr'>patriae</span> <span class='ocrx_word' id='word_1_45' title='bbox 459 734 469 750; x_wconf 87' lang='lat'>‚</span> <span class='ocrx_word' id='word_1_46' title='bbox 493 706 593 743; x_wconf 85' lang='lat' dir='ltr'>bene</span> <span class='ocrx_word' id='word_1_47' title='bbox 611 705 654 743; x_wconf 81' lang='lat' dir='ltr'>{it</span> <span class='ocrx_word' id='word_1_48' title='bbox 676 706 958 745; x_wconf 79' lang='lat' dir='ltr'>moderantibus</span> <span class='ocrx_word' id='word_1_49' title='bbox 981 704 1104 752; x_wconf 83' lang='lat' dir='ltr'>illam,</span> 
     </span>
     <span class='ocr_line' id='line_1_9' title="bbox 114 772 975 824; baseline 0.001 -13"><span class='ocrx_word' id='word_1_50' title='bbox 114 772 168 812; x_wconf 86' lang='lat' dir='ltr'>Et</span> <span class='ocrx_word' id='word_1_51' title='bbox 195 773 295 811; x_wconf 85' lang='lat' dir='ltr'>bene</span> <span class='ocrx_word' id='word_1_52' title='bbox 319 774 364 814; x_wconf 84' lang='lat' dir='ltr'>fit</span> <span class='ocrx_word' id='word_1_53' title='bbox 389 774 528 824; x_wconf 87' lang='lat' dir='ltr'>pulcris</span> <span class='ocrx_word' id='word_1_54' title='bbox 559 775 731 823; x_wconf 86' lang='lat' dir='ltr'>artibus,</span> <span class='ocrx_word' id='word_1_55' title='bbox 759 774 825 816; x_wconf 87' lang='lat' dir='ltr'>ille</span> <span class='ocrx_word' id='word_1_56' title='bbox 855 784 975 822; x_wconf 83' lang='lat' dir='ltr'>rogat.</span> 
     </span>
    </p>

    <p class='ocr_par' dir='ltr' id='par_1_6' title="bbox 69 841 961 957">
     <span class='ocr_line' id='line_1_10' title="bbox 69 841 961 893; baseline 0 -13"><span class='ocrx_word' id='word_1_57' title='bbox 69 841 251 889; x_wconf 88' lang='lat' dir='ltr'>Cernite,</span> <span class='ocrx_word' id='word_1_58' title='bbox 277 842 379 882; x_wconf 84' lang='lat' dir='ltr'>felici</span> <span class='ocrx_word' id='word_1_59' title='bbox 406 843 601 881; x_wconf 81' lang='lat' dir='ltr'>comburat</span> <span class='ocrx_word' id='word_1_60' title='bbox 625 852 667 881; x_wconf 90' lang='lat' dir='ltr'>ut</span> <span class='ocrx_word' id='word_1_61' title='bbox 686 845 810 882; x_wconf 85' lang='lat' dir='ltr'>omnia</span> <span class='ocrx_word' id='word_1_62' title='bbox 838 844 961 893; x_wconf 81' lang='lat' dir='ltr'>ligno,</span> 
     </span>
     <span class='ocr_line' id='line_1_11' title="bbox 115 910 914 957; baseline 0.003 -8"><span class='ocrx_word' id='word_1_63' title='bbox 115 910 245 950; x_wconf 84' lang='lat' dir='ltr'>A’e&#39;riis</span> <span class='ocrx_word' id='word_1_64' title='bbox 269 913 404 951; x_wconf 89' lang='lat' dir='ltr'>Libani</span> <span class='ocrx_word' id='word_1_65' title='bbox 431 911 591 950; x_wconf 82' lang='lat' dir='ltr'>collibus</span> <span class='ocrx_word' id='word_1_66' title='bbox 623 921 728 957; x_wconf 84' lang='lat' dir='ltr'>orta,</span> <span class='ocrx_word' id='word_1_67' title='bbox 759 911 914 951; x_wconf 74' lang='lat' dir='ltr'>cedrus!</span> 
     </span>
    </p>

    <p class='ocr_par' dir='ltr' id='par_1_7' title="bbox 62 978 1016 1100">
     <span class='ocr_line' id='line_1_12' title="bbox 62 978 900 1031; baseline -0.001 -12"><span class='ocrx_word' id='word_1_68' title='bbox 62 980 204 1031; x_wconf 85' lang='lat' dir='ltr'>Byblos</span> <span class='ocrx_word' id='word_1_69' title='bbox 225 978 375 1019; x_wconf 83' lang='lat' dir='ltr'>odorati</span> <span class='ocrx_word' id='word_1_70' title='bbox 400 980 534 1018; x_wconf 80' lang='lat' dir='ltr'>libavit</span> <span class='ocrx_word' id='word_1_71' title='bbox 564 982 712 1031; x_wconf 78' lang='lat' dir='ltr'>cymbIa</span> <span class='ocrx_word' id='word_1_72' title='bbox 741 981 900 1026; x_wconf 85' lang='lat' dir='ltr'>Bacchi,</span> 
     </span>
     <span class='ocr_line' id='line_1_13' title="bbox 126 1047 1016 1100; baseline 0.004 -13"><span class='ocrx_word' id='word_1_73' title='bbox 126 1047 293 1087; x_wconf 83' lang='lat' dir='ltr'>Lucidus</span> <span class='ocrx_word' id='word_1_74' title='bbox 315 1059 362 1087; x_wconf 85' lang='lat' dir='ltr'>en</span> <span class='ocrx_word' id='word_1_75' title='bbox 387 1047 517 1099; x_wconf 87' lang='lat' dir='ltr'>templi</span> <span class='ocrx_word' id='word_1_76' title='bbox 541 1049 701 1088; x_wconf 81' lang='lat' dir='ltr'>culmina</span> <span class='ocrx_word' id='word_1_77' title='bbox 735 1050 864 1089; x_wconf 82' lang='lat' dir='ltr'>lambit</span> <span class='ocrx_word' id='word_1_78' title='bbox 896 1048 1016 1100; x_wconf 83' lang='lat' dir='ltr'>apex!</span> 
     </span>
    </p>

    <p class='ocr_par' dir='ltr' id='par_1_8' title="bbox 66 1114 1109 1232">
     <span class='ocr_line' id='line_1_14' title="bbox 66 1114 1109 1168; baseline 0.001 -12"><span class='ocrx_word' id='word_1_79' title='bbox 66 1114 232 1156; x_wconf 81' lang='lat' dir='ltr'>Amstela</span> <span class='ocrx_word' id='word_1_80' title='bbox 246 1144 258 1161; x_wconf 94' lang='lat'><em>‚</em></span> <span class='ocrx_word' id='word_1_81' title='bbox 288 1127 358 1166; x_wconf 86' lang='lat' dir='ltr'>per</span> <span class='ocrx_word' id='word_1_82' title='bbox 385 1116 499 1156; x_wconf 83' lang='lat' dir='ltr'>latum</span> <span class='ocrx_word' id='word_1_83' title='bbox 519 1115 684 1166; x_wconf 75' lang='lat' dir='ltr'>graditur</span> <span class='ocrx_word' id='word_1_84' title='bbox 707 1126 769 1156; x_wconf 84' lang='lat' dir='ltr'>tua</span> <span class='ocrx_word' id='word_1_85' title='bbox 785 1118 903 1166; x_wconf 82' lang='lat' dir='ltr'>gloria</span> <span class='ocrx_word' id='word_1_86' title='bbox 923 1130 1109 1168; x_wconf 82' lang='lat' dir='ltr'>campum,</span> 
     </span>
     <span class='ocr_line' id='line_1_15' title="bbox 124 1185 942 1232; baseline 0.002 -10"><span class='ocrx_word' id='word_1_87' title='bbox 124 1185 182 1224; x_wconf 84' lang='lat' dir='ltr'>Vt</span> <span class='ocrx_word' id='word_1_88' title='bbox 213 1194 277 1223; x_wconf 88' lang='lat' dir='ltr'>tua</span> <span class='ocrx_word' id='word_1_89' title='bbox 292 1186 368 1232; x_wconf 87' lang='lat' dir='ltr'>jam</span> <span class='ocrx_word' id='word_1_90' title='bbox 402 1194 486 1223; x_wconf 85' lang='lat' dir='ltr'>toto</span> <span class='ocrx_word' id='word_1_91' title='bbox 509 1185 587 1224; x_wconf 80' lang='lat' dir='ltr'>laus</span> <span class='ocrx_word' id='word_1_92' title='bbox 624 1186 785 1224; x_wconf 84' lang='lat' dir='ltr'>Oriente</span> <span class='ocrx_word' id='word_1_93' title='bbox 815 1185 942 1228; x_wconf 82' lang='lat' dir='ltr'>sonat!</span> 
     </span>
    </p>

    <p class='ocr_par' dir='ltr' id='par_1_9' title="bbox 69 1253 1114 1372">
     <span class='ocr_line' id='line_1_16' title="bbox 69 1253 1114 1306; baseline 0 -12"><span class='ocrx_word' id='word_1_94' title='bbox 69 1255 282 1305; x_wconf 79' lang='lat' dir='ltr'>Euphrates</span> <span class='ocrx_word' id='word_1_95' title='bbox 302 1253 492 1299; x_wconf 79' lang='lat' dir='ltr'>celebrat,</span> <span class='ocrx_word' id='word_1_96' title='bbox 510 1254 681 1293; x_wconf 84' lang='lat' dir='ltr'>celebrat</span> <span class='ocrx_word' id='word_1_97' title='bbox 701 1265 765 1293; x_wconf 86' lang='lat' dir='ltr'>tua</span> <span class='ocrx_word' id='word_1_98' title='bbox 788 1258 941 1294; x_wconf 86' lang='lat' dir='ltr'>nomina</span> <span class='ocrx_word' id='word_1_99' title='bbox 961 1256 1114 1306; x_wconf 82' lang='lat' dir='ltr'>Tigris,</span> 
     </span>
     <span class='ocr_line' id='line_1_17' title="bbox 125 1321 919 1372; baseline 0.001 -10"><span class='ocrx_word' id='word_1_100' title='bbox 125 1321 274 1362; x_wconf 84' lang='lat' dir='ltr'>Plaudit</span> <span class='ocrx_word' id='word_1_101' title='bbox 305 1321 479 1360; x_wconf 65' lang='lat' dir='ltr'>Orontea</span> <span class='ocrx_word' id='word_1_102' title='bbox 505 1322 654 1372; x_wconf 84' lang='lat' dir='ltr'>garrula</span> <span class='ocrx_word' id='word_1_103' title='bbox 689 1325 783 1362; x_wconf 87' lang='lat' dir='ltr'>Nais</span> <span class='ocrx_word' id='word_1_104' title='bbox 809 1327 919 1372; x_wconf 73' lang='lat' dir='ltr'>aqua.</span> 
     </span>
    </p>

    <p class='ocr_par' dir='ltr' id='par_1_10' title="bbox 74 1391 1042 1510">
     <span class='ocr_line' id='line_1_18' title="bbox 74 1391 1042 1442; baseline -0.001 -10"><span class='ocrx_word' id='word_1_105' title='bbox 74 1392 224 1432; x_wconf 84' lang='lat' dir='ltr'>Plaudit</span> <span class='ocrx_word' id='word_1_106' title='bbox 243 1398 282 1429; x_wconf 82' lang='lat' dir='ltr'>et</span> <span class='ocrx_word' id='word_1_107' title='bbox 300 1401 322 1428; x_wconf 90' lang='lat' dir='ltr'>e</span> <span class='ocrx_word' id='word_1_108' title='bbox 348 1391 484 1441; x_wconf 84' lang='lat' dir='ltr'>tepidis</span> <span class='ocrx_word' id='word_1_109' title='bbox 513 1392 654 1431; x_wconf 65' lang='lat' dir='ltr'>Meroe</span> <span class='ocrx_word' id='word_1_110' title='bbox 682 1392 835 1442; x_wconf 83' lang='lat' dir='ltr'>Cephea</span> <span class='ocrx_word' id='word_1_111' title='bbox 868 1393 1042 1441; x_wconf 79' lang='lat' dir='ltr'>fluentis,</span> 
     </span>
     <span class='ocr_line' id='line_1_19' title="bbox 131 1459 989 1510; baseline 0 -11"><span class='ocrx_word' id='word_1_112' title='bbox 131 1459 248 1500; x_wconf 86' lang='lat' dir='ltr'>Indus</span> <span class='ocrx_word' id='word_1_113' title='bbox 281 1467 321 1498; x_wconf 88' lang='lat' dir='ltr'>et</span> <span class='ocrx_word' id='word_1_114' title='bbox 350 1459 518 1498; x_wconf 85' lang='lat' dir='ltr'>aurifero</span> <span class='ocrx_word' id='word_1_115' title='bbox 540 1472 615 1499; x_wconf 87' lang='lat' dir='ltr'>non</span> <span class='ocrx_word' id='word_1_116' title='bbox 642 1470 741 1500; x_wconf 88' lang='lat' dir='ltr'>tacet</span> <span class='ocrx_word' id='word_1_117' title='bbox 768 1460 847 1510; x_wconf 88' lang='lat' dir='ltr'>ipse</span> <span class='ocrx_word' id='word_1_118' title='bbox 875 1459 989 1499; x_wconf 84' lang='lat' dir='ltr'>vado.</span> 
     </span>
    </p>

    <p class='ocr_par' dir='ltr' id='par_1_11' title="bbox 70 1528 1016 1646">
     <span class='ocr_line' id='line_1_20' title="bbox 70 1528 1016 1582; baseline 0.001 -14"><span class='ocrx_word' id='word_1_119' title='bbox 70 1529 126 1568; x_wconf 75' lang='lat' dir='ltr'>At</span> <span class='ocrx_word' id='word_1_120' title='bbox 150 1536 260 1580; x_wconf 82' lang='lat' dir='ltr'>pater</span> <span class='ocrx_word' id='word_1_121' title='bbox 287 1528 324 1566; x_wconf 90' lang='lat' dir='ltr'>in</span> <span class='ocrx_word' id='word_1_122' title='bbox 343 1530 471 1579; x_wconf 86' lang='lat' dir='ltr'>primis</span> <span class='ocrx_word' id='word_1_123' title='bbox 498 1530 681 1582; x_wconf 65' lang='lat' dir='ltr'>jordanes</span> <span class='ocrx_word' id='word_1_124' title='bbox 712 1529 885 1568; x_wconf 84' lang='lat' dir='ltr'>omnibus</span> <span class='ocrx_word' id='word_1_125' title='bbox 906 1529 1016 1569; x_wconf 85' lang='lat' dir='ltr'>undis</span> 
     </span>
     <span class='ocr_line' id='line_1_21' title="bbox 135 1596 962 1646; baseline 0.004 -9"><span class='ocrx_word' id='word_1_126' title='bbox 135 1600 182 1637; x_wconf 86' lang='lat' dir='ltr'>In</span> <span class='ocrx_word' id='word_1_127' title='bbox 196 1596 324 1636; x_wconf 83' lang='lat' dir='ltr'>laudes</span> <span class='ocrx_word' id='word_1_128' title='bbox 351 1598 517 1646; x_wconf 83' lang='lat' dir='ltr'>geminat</span> <span class='ocrx_word' id='word_1_129' title='bbox 537 1610 724 1637; x_wconf 85' lang='lat' dir='ltr'>murmura</span> <span class='ocrx_word' id='word_1_130' title='bbox 748 1599 846 1637; x_wconf 87' lang='lat' dir='ltr'>laeta</span> <span class='ocrx_word' id='word_1_131' title='bbox 865 1606 962 1640; x_wconf 79' lang='lat' dir='ltr'>tuas,</span> 
     </span>
    </p>

    <p class='ocr_par' dir='ltr' id='par_1_12' title="bbox 75 1665 1104 1785">
     <span class='ocr_line' id='line_1_22' title="bbox 75 1665 1104 1721; baseline 0.001 -15"><span class='ocrx_word' id='word_1_132' title='bbox 75 1667 232 1721; x_wconf 85' lang='lat' dir='ltr'>Quippe</span> <span class='ocrx_word' id='word_1_133' title='bbox 258 1665 353 1714; x_wconf 82' lang='lat' dir='ltr'>suis,</span> <span class='ocrx_word' id='word_1_134' title='bbox 386 1677 493 1707; x_wconf 84' lang='lat' dir='ltr'>totus</span> <span class='ocrx_word' id='word_1_135' title='bbox 518 1679 613 1717; x_wconf 85' lang='lat' dir='ltr'>quos</span> <span class='ocrx_word' id='word_1_136' title='bbox 642 1669 758 1716; x_wconf 78' lang='lat' dir='ltr'>exigit</span> <span class='ocrx_word' id='word_1_137' title='bbox 783 1668 912 1712; x_wconf 83' lang='lat' dir='ltr'>orbis,</span> <span class='ocrx_word' id='word_1_138' title='bbox 945 1667 1104 1707; x_wconf 82' lang='lat' dir='ltr'>alumnis</span> 
     </span>
     <span class='ocr_line' id='line_1_23' title="bbox 137 1735 1024 1785; baseline 0.002 -10"><span class='ocrx_word' id='word_1_139' title='bbox 137 1735 328 1784; x_wconf 83' lang='lat' dir='ltr'>Antiquae</span> <span class='ocrx_word' id='word_1_140' title='bbox 357 1736 501 1785; x_wconf 82' lang='lat' dir='ltr'>patriae</span> <span class='ocrx_word' id='word_1_141' title='bbox 528 1747 667 1775; x_wconf 69' lang='lat' dir='ltr'>nunzen</span> <span class='ocrx_word' id='word_1_142' title='bbox 691 1748 731 1776; x_wconf 83' lang='lat' dir='ltr'>et</span> <span class='ocrx_word' id='word_1_143' title='bbox 756 1737 866 1775; x_wconf 86' lang='lat' dir='ltr'>instar</span> <span class='ocrx_word' id='word_1_144' title='bbox 891 1735 1024 1777; x_wconf 80' lang='lat' dir='ltr'>habes.</span> 
     </span>
    </p>

    <p class='ocr_par' dir='ltr' id='par_1_13' title="bbox 77 1803 1137 1924">
     <span class='ocr_line' id='line_1_24' title="bbox 77 1803 1137 1856; baseline -0.002 -10"><span class='ocrx_word' id='word_1_145' title='bbox 77 1806 243 1846; x_wconf 86' lang='lat' dir='ltr'>Munera</span> <span class='ocrx_word' id='word_1_146' title='bbox 255 1815 325 1842; x_wconf 89' lang='lat' dir='ltr'>nec</span> <span class='ocrx_word' id='word_1_147' title='bbox 338 1815 487 1854; x_wconf 76' lang='lat' dir='ltr'>reputat</span> <span class='ocrx_word' id='word_1_148' title='bbox 506 1804 650 1843; x_wconf 76' lang='lat' dir='ltr'>lev10ra</span> <span class='ocrx_word' id='word_1_149' title='bbox 666 1835 676 1850; x_wconf 91' lang='lat'>,</span> <span class='ocrx_word' id='word_1_150' title='bbox 706 1803 808 1856; x_wconf 88' lang='lat' dir='ltr'>quod</span> <span class='ocrx_word' id='word_1_151' title='bbox 826 1804 994 1843; x_wconf 80' lang='lat' dir='ltr'>Amstela</span> <span class='ocrx_word' id='word_1_152' title='bbox 1015 1806 1137 1856; x_wconf 88' lang='lat' dir='ltr'>pubes</span> 
     </span>
     <span class='ocr_line' id='line_1_25' title="bbox 138 1872 913 1924; baseline -0.003 -12"><span class='ocrx_word' id='word_1_153' title='bbox 138 1875 330 1922; x_wconf 83' lang='lat' dir='ltr'>Cognatae</span> <span class='ocrx_word' id='word_1_154' title='bbox 359 1875 518 1924; x_wconf 63' lang='lat' dir='ltr'>Soplnies</span> <span class='ocrx_word' id='word_1_155' title='bbox 551 1875 643 1912; x_wconf 82' lang='lat' dir='ltr'>atria</span> <span class='ocrx_word' id='word_1_156' title='bbox 671 1874 795 1913; x_wconf 89' lang='lat' dir='ltr'>rursus</span> <span class='ocrx_word' id='word_1_157' title='bbox 822 1872 913 1912; x_wconf 81' lang='lat' dir='ltr'>adit.</span> 
     </span>
    </p>

    <p class='ocr_par' dir='ltr' id='par_1_14' title="bbox 87 1941 1099 2063">
     <span class='ocr_line' id='line_1_26' title="bbox 87 1941 1099 1996; baseline 0 -16"><span class='ocrx_word' id='word_1_158' title='bbox 87 1944 192 1996; x_wconf 85' lang='lat' dir='ltr'>Quin</span> <span class='ocrx_word' id='word_1_159' title='bbox 212 1943 342 1992; x_wconf 82' lang='lat' dir='ltr'>procul</span> <span class='ocrx_word' id='word_1_160' title='bbox 363 1943 546 1983; x_wconf 71' lang='lat' dir='ltr'>Amstelia</span> <span class='ocrx_word' id='word_1_161' title='bbox 571 1941 670 1992; x_wconf 78' lang='lat' dir='ltr'>sugis</span> <span class='ocrx_word' id='word_1_162' title='bbox 686 1972 696 1989; x_wconf 93' lang='lat'>‚</span> <span class='ocrx_word' id='word_1_163' title='bbox 726 1942 962 1991; x_wconf 79' lang='lat' dir='ltr'>ignorantia,</span> <span class='ocrx_word' id='word_1_164' title='bbox 992 1942 1099 1992; x_wconf 60' lang='lat' dir='ltr'>ripa,</span> 
     </span>
     <span class='ocr_line' id='line_1_27' title="bbox 135 2010 1062 2063; baseline 0 -13"><span class='ocrx_word' id='word_1_165' title='bbox 135 2010 340 2062; x_wconf 76' lang='lat' dir='ltr'>Pressaque</span> <span class='ocrx_word' id='word_1_166' title='bbox 370 2013 583 2052; x_wconf 82' lang='lat' dir='ltr'>Cimmeriis</span> <span class='ocrx_word' id='word_1_167' title='bbox 613 2012 784 2051; x_wconf 66' lang='lat' dir='ltr'>nostibus</span> <span class='ocrx_word' id='word_1_168' title='bbox 813 2020 918 2052; x_wconf 80' lang='lat' dir='ltr'>antra</span> <span class='ocrx_word' id='word_1_169' title='bbox 945 2012 1062 2063; x_wconf 89' lang='lat' dir='ltr'>petis.</span> 
     </span>
    </p>

    <p class='ocr_par' dir='ltr' id='par_1_15' title="bbox 643 2082 730 2130">
     <span class='ocr_line' id='line_1_28' title="bbox 643 2082 730 2130; baseline 0 0"><span class='ocrx_word' id='word_1_170' title='bbox 643 2082 673 2120; x_wconf 83' lang='lat' dir='ltr'><strong>B</strong></span> <span class='ocrx_word' id='word_1_171' title='bbox 706 2093 730 2130; x_wconf 80' lang='lat'>4</span> 
     </span>
    </p>
   </div>
  </div>
 </body>
</html>
