1527 2807
344 299 951 334 Arrzunwx.
1149 303 1227 342 551

72 407 335 456 itarminaque
357 403 592 449 addideram,
625 403 706 453 saga
726 398 816 439 mibi
843 399 1004 447 tradita,
1033 401 1118 452 quis
1141 402 1194 441 mi

136 481 296 518 Pectora
327 474 494 525 narrabat
524 472 668 510 flectier
699 470 963 509 Eumenidum.

83 549 178 588 Visa
208 546 302 584 mihi
331 542 520 582 simulacra
549 540 641 577 meis
672 537 924 578 mansuescere
955 543 1076 587 votis,

141 616 232 656 Visa
262 614 354 653 mihi
385 611 554 661 lacrymis
585 608 800 658 ingemuisse
830 610 939 648 meis.

90 686 192 735 Sed,
222 684 306 722 dum
337 691 433 721 tecta
462 682 568 719 feror
599 681 768 724 circum,
796 679 881 716 dum
906 679 1025 718 corde
1056 681 1216 729 voluto,

140 755 225 808 Qui
253 764 396 805 prece,
423 751 507 800 quis
538 750 707 798 superem
738 751 889 787 numina
919 752 1158 799 muneribus3

83 825 132 865 Et
161 824 304 863 sonitus
331 821 415 858 dum
447 819 568 856 omnis
598 817 783 866 suspensas
814 820 953 857 excitat
982 829 1110 866 aures,

140 894 181 934 Si
210 903 278 942 qua
305 897 414 929 canat
442 889 597 934 cornix,
632 896 771 926 noctua
800 887 825 925 fi
852 899 922 937 qua
950 900 1080 936 canat3

89 962 316 1003 obscoenos
348 957 493 996 ululare
525 967 655 1003 canes,
687 968 755 1006 per
784 958 947 1005 gramina
979 957 1108 1006 fusos,
1149 971 1153 976 ’

140 1033 282 1072 Audivi
314 1032 435 1080 longo
464 1039 549 1067 cum
579 1029 720 1077 gemitu
748 1034 834 1064 ante
861 1024 1026 1064 domum.

84 1101 207 1139 Immo
224 1094 335 1148 saepe
351 1096 482 1136 malum
502 1098 601 1142 hoc,
625 1106 706 1133 cum
727 1095 858 1133 limina
875 1095 1017 1133 moesta
1032 1096 1218 1148 subirem,

144 1169 215 1206 Pes
245 1167 418 1213 monuit,
449 1166 602 1204 laevum
633 1174 673 1204 et
701 1161 816 1214 saepe
847 1164 1104 1213 supercilium.

85 1237 201 1277 Tunc
229 1245 336 1283 mage
365 1233 567 1284 pallidulos
598 1234 778 1271 flammam
798 1245 947 1273 manere
970 1238 1035 1275 sub
1061 1246 1184 1287 artus,

141 1305 268 1352 Atque
297 1304 414 1352 magis
443 1312 561 1340 caram
590 1300 779 1340 absumere
809 1310 900 1340 tunc
929 1305 1107 1346 animam.

87 1373 197 1414 Heu!
222 1369 404 1418 moreris,
429 1382 512 1410 mea
530 1372 614 1415 lux;
630 1368 816 1416 mdreris,
835 1383 914 1411 mea
932 1373 1008 1412 sola
1022 1377 1226 1426 voluptas,

146 1447 274 1492 Atque
305 1441 378 1480 un&
407 1441 536 1479 noster
568 1440 701 1476 labitur
732 1442 855 1479 omnis
886 1453 1005 1482 amor.

89 1513 199 1552 Eheu
229 1508 469 1550 Leuconoe!
499 1509 582 1558 quis
613 1517 651 1544 te
681 1519 761 1547 non
793 1522 939 1550 moeret
963 1513 1197 1566 ademptam!

146 1583 290 1621 Omnia
320 1589 443 1618 tecum
472 1577 548 1615 uni
574 1580 709 1628 gaudia
741 1580 971 1632 dispereunt.

90 1653 167 1703 Ipsi
197 1651 310 1689 etiam
340 1649 478 1695 flores,
509 1658 572 1687 tua
600 1659 694 1697 quos
724 1651 763 1688 in
792 1651 924 1689 funera
951 1658 1090 1703 carpo,

148 1721 277 1761 Paffim
305 1718 465 1758 demiffis
493 1719 596 1756 triste
627 1721 766 1758 rubent
795 1722 920 1760 foliis.

89 1790 263 1833 Vocales
294 1788 440 1826 umbras
470 1787 641 1836 semper,
671 1785 908 1837 frondesque
940 1790 1105 1831 virentes

150 1863 239 1901 Hoc
271 1867 425 1903 nemus,
457 1866 596 1906 argutas
626 1856 773 1905 semper
802 1859 954 1898 habebat
984 1871 1116 1910 aquas,·

92 1931 211 1986 Quod
239 1938 339 1967 nunc
366 1928 532 1965 demittit
560 1925 684 1964 lentos
717 1925 792 1964 fine
821 1939 1008 1967 murmure
1039 1929 1187 1979 fontes,

149 2002 198 2039 Et
225 2007 344 2037 totum
372 1995 490 2034 tacitis
520 1994 675 2046 squallet
705 1996 750 2033 ab
778 1998 987 2036 arboribus.

94 2072 194 2113 Nam
223 2068 350 2105 dulces
380 2064 516 2104 fiiuere
543 2065 665 2113 modi;
695 2077 771 2105 non
805 2067 965 2117 amplius
996 2068 1074 2107 ulla
1104 2071 1186 2120 est,

152 2140 262 2188 Quae
290 2137 393 2176 ludat
421 2136 556 2176 nostris
587 2135 705 2175 fistula
737 2137 932 2175 litoribus.

688 2219 744 2244 nn
772 2215 798 2254 4
