1527 2807
348 310 432 349 262
673 313 1099 344 ιῐιιει.

356 415 462 454 Vidit
481 420 519 450 ut
539 410 652 449 letale
674 412 806 450 vulnus
831 411 1045 460 horruitque
1070 416 1204 463 Cypria
1219 443 1231 463 ‚

356 480 463 522 Vidit
487 489 548 525 ut,
577 480 673 519 sanie
695 479 832 517 fluente
852 480 1026 528 pallidum
1048 483 1137 531 tingi
1161 483 1279 522 femur
1295 513 1304 530 ,

358 549 492 604 Questa
513 547 1038 598 muitum‚ulnasquepandens,
1052 550 1106 589 ab!
1126 549 1323 600 Adonimf,
1338 550 1460 601 mt'me,

354 620 443 661 Ah!
469 619 564 657 malo
585 619 720 657 servate
739 646 748 662 ,
775 617 885 658 dixit,
918 618 982 657 ah!
1013 618 1136 656 Adoni
1157 622 1226 671 mi,
1261 621 1390 667 mline;

355 689 429 728 vel
452 698 619 733 morare,
648 686 757 724 verba
780 685 899 723 saltem
925 685 1007 724 dum
1029 688 1159 737 loquar
1179 692 1398 742 noviffima,

355 758 553 808 Dumque,
584 766 619 794 te
639 754 829 804 complexa
845 784 854 801 ‚
876 755 1008 793 nostris
1032 757 1123 793 labra
1147 757 1255 799 labris
1282 763 1460 801 misceam.

352 823 469 865 Tolle
489 824 669 875 paullum,
703 822 795 860 tolle
814 823 981 869 ocellos,
1012 824 1105 864 tolle
1125 825 1327 875 languidum
1347 838 1468 881 caput,

353 894 412 934 Ac
435 893 624 944 suprema,
655 902 739 929 care
763 889 914 936 Adoni,
943 890 985 928 da
1004 895 1142 941 petenti
1167 896 1277 942 basia;

290 948 293 951 ⁴
355 962 437 1008 Da,
464 960 565 999 calor
594 968 784 1009 motusque
804 959 911 997 labris
932 958 1053 1000 donec
1076 966 1194 1002 omnis
1214 975 1369 1014 exeant,

351 1033 398 1070 In
426 1039 620 1078 meumque
641 1040 661 1068 e
691 1028 858 1069 basiantis
880 1040 947 1068 ore
969 1029 1113 1080 spiriius
1138 1031 1235 1071 fluat.

353 1099 580 1146 Ebibemus‚
608 1098 862 1143 extrahemus,
890 1098 1062 1147 quicquid
1089 1101 1124 1138 in
1144 1109 1178 1139 te
1202 1099 1334 1139 amoris
1357 1101 1426 1146 est:

352 1167 501 1208 Intimas
523 1164 623 1216 quod
647 1168 684 1205 in
704 1167 878 1206 medullas
900 1175 936 1205 et
955 1167 1075 1207 calens
1096 1177 1286 1218 penetrans
1310 1171 1434 1217 iecur,

352 1228 430 1280 Hic
457 1244 646 1286 repostum
665 1235 914 1287 permanebit,
947 1235 1022 1285 ipse
1043 1243 1080 1273 tu
1097 1237 1267 1285 quoniam
1291 1235 1409 1286 fugis;

351 1307 458 1350 Heu!
485 1304 580 1354 fugis
596 1333 606 1350 ‚
630 1305 765 1344 dilecte
787 1303 938 1348 Adoni,
969 1303 1072 1351 nigra
1097 1304 1180 1343 vifis
1201 1307 1374 1353 Tartara,

349 1373 487 1416 Noctis
510 1372 684 1412 arbitrum
702 1371 908 1424 profundae
933 1371 1043 1417 vifis,
1071 1381 1108 1412 et
1128 1374 1222 1413 vivit
1245 1375 1396 1413 Venus!

350 1443 460 1485 Vivit
477 1442 541 1482 ah!
562 1441 614 1480 est
635 1441 730 1480 Diva
751 1442 917 1488 coniux,
951 1449 1064 1492 teque
1083 1454 1157 1480 non
1185 1441 1304 1492 potest
1321 1443 1435 1491 sequi.

351 1514 495 1563 Accipe
510 1541 520 1558 ,
547 1512 612 1549 atri
641 1510 766 1561 sponsa
785 1511 883 1550 Ditis
899 1541 909 1557 ,
933 1510 1086 1563 (quippe
1102 1511 1222 1550 vincis
1238 1512 1406 1563 Cypriam
1420 1541 1433 1561 ,

351 1582 506 1636 Quippe
536 1590 638 1626 cara,
665 1581 805 1629 quippe
826 1580 975 1630 pulcra,
1005 1591 1130 1627 torva,
1162 1588 1276 1629 raptas
1295 1577 1457 1631 omnia.)

351 1651 493 1701 Accipe
515 1652 562 1688 o!
592 1659 713 1688 meum
732 1651 922 1696 maritum,
953 1649 1024 1690 fata
1045 1661 1152 1700 quem
1170 1649 1309 1689 tradunt
1329 1650 1418 1689 tibi:

350 1721 446 1765 Me,
465 1726 543 1758 tuas
561 1718 659 1757 vires
683 1725 919 1765 trementem,
941 1720 1072 1769 longus
1093 1721 1250 1760 absumet
1271 1718 1403 1759 dolor!

349 1789 507 1838 Semper
528 1793 567 1825 et
584 1787 746 1836 querulis
764 1789 908 1827 vocabo
931 1799 1007 1827 non
1029 1789 1261 1829 reversurum
1283 1790 1402 1829 sonis.

348 1857 452 1906 Ergo
475 1854 574 1899 abis,
596 1864 805 1907 tecumque,
835 1857 984 1904 Adoni,
1011 1870 1070 1899 me
1092 1859 1258 1909 voluptas
1277 1857 1431 1906 deserit.

347 1925 518 1968 Avolans
534 1953 546 1971 ,
575 1931 615 1962 ut
633 1925 824 1966 somnianti
845 1925 991 1966 blandus
1013 1928 1131 1966 avolat
1151 1927 1282 1979 sopor!

351 1995 489 2046 cypria
502 1995 610 2044 igitur
632 1992 741 2040 orba,
773 2003 813 2034 et
833 1997 922 2035 orba
942 2006 998 2035 tot
1019 1997 1240 2048 Cupidinum
1265 1994 1419 2036 cohors!

345 2065 489 2106 Noster
509 2064 619 2114 igitur
644 2062 708 2102 iste
727 2064 826 2104 vires
848 2066 965 2105 cestus
987 2076 1116 2105 omnes
1134 2064 1319 2117 perdidit?

349 2133 498 2188 Quique
520 2131 661 2179 vinxit.
677 2132 809 2184 quique
830 2135 937 2178 traxit
959 2144 1104 2183 cuncta,
1119 2146 1154 2176 te
1178 2145 1254 2176 non
1275 2135 1454 2178 tetrahet?
