1527 2807
292 304 373 355 298
630 309 1070 341 ιτιιισι.

401 409 594 454 Accendat
621 408 762 447 aemula
787 406 880 447 face.

292 481 366 524 Sed
394 484 521 522 titulos
549 489 786 529 quaecunque
818 489 900 516 tuos
930 477 1032 527 plaga
1060 475 1178 515 lucida
1207 478 1331 524 coeli,

399 555 650 606 Quaecunque
679 557 813 584 nomen
846 546 958 585 sidera

292 617 520 670 Accipient,
550 613 649 656 certe
678 617 800 666 patriis
829 614 983 655 sublimis
1013 618 1055 655 ab
1083 617 1212 661 astris,

403 687 568 736 Auguste
598 687 774 734 Princeps
791 710 801 725 ‚
829 683 964 722 subdita

293 759 407 801 Nunc
425 758 577 808 pedibus
598 764 657 793 tua
681 755 751 794 fata
771 754 896 800 vides,
926 755 1130 804 sortemque
1150 763 1296 794 tuorum

403 829 450 866 Et
479 826 620 876 sceptra
652 835 750 861 curas
783 825 881 871 regia

295 897 491 947 Desuper,
521 903 578 940 et,
610 894 633 931 fi
657 901 754 931 certa
775 893 883 938 fides,
913 893 939 931 fi
968 892 1094 931 doctus
1117 892 1261 942 Apollo

397 969 529 1006 Vatum
560 962 725 1003 secundat
755 964 900 1007 omina,

294 1040 396 1084 Iam,
423 1038 556 1074 mixtus
585 1033 759 1081 Superis,
791 1032 904 1068 calida
929 1040 1041 1080 prece
1063 1030 1220 1068 numinis
1240 1032 1306 1069 itas

399 1105 578 1153 Franges,
608 1110 644 1139 et
672 1103 748 1140 auri
780 1101 916 1139 saecula

294 1175 417 1215 Prima
447 1174 552 1220 Tago
577 1170 716 1209 referes
732 1201 741 1218 ,
775 1173 834 1220 qui
859 1181 957 1208 nunc
980 1163 1248 1211 maledecoior
1269 1168 1379 1207 undas

407 1243 550 1281 Cruore
582 1249 738 1288 cognato
767 1240 898 1284 trahit3

292 1311 345 1353 Et
373 1312 663 1359 consanguineos
694 1309 730 1344 in
761 1315 880 1344 mutua
910 1304 1062 1344 foedera
1091 1316 1217 1354 reges,

402 1380 530 1418 Amica
559 1379 658 1428 pacis
689 1375 863 1420 foedera,

294 1449 482 1490 Restitues
497 1475 511 1496 ‚
541 1459 581 1485 ac
606 1446 703 1485 bella
724 1444 879 1495 procul,
911 1440 983 1492 qu&
1003 1443 1190 1493 Bosporus
1212 1443 1333 1483 audam

406 1520 536 1568 Ignota
564 1518 755 1555 committit
786 1513 897 1559 freta,

293 1587 430 1628 Vertet
459 1589 502 1625 ab
532 1587 738 1637 Hesperiae
768 1585 914 1634 populis
946 1584 983 1622 in
1013 1594 1153 1622 cornua
1184 1585 1333 1630 Lunae,

355 1699 368 1704 -
399 1656 508 1693 Votis
538 1658 608 1694 tuis
637 1663 777 1701 motus,
810 1656 926 1693 Deus.
1022 1706 1024 1708 Ι

295 1725 409 1766 Tunc
428 1721 595 1772 Solymas
625 1737 750 1770 arces,
783 1734 819 1761 et
848 1723 1006 1761 Thracia
1037 1724 1154 1772 signa,
1183 1722 1349 1773 profanis

406 1796 571 1844 Derepta
600 1794 743 1833 Bizanti
771 1794 906 1839 tholis,

293 1864 456 1914 Legibus
487 1863 662 1901 Ausoniis
692 1862 825 1899 victrix
856 1862 1033 1911 reparabit
1060 1871 1097 1899 et
1125 1862 1195 1899 aris

403 1933 584 1971 Bellantis
615 1933 784 1979 Europae
813 1942 948 1968 munus.

296 2003 401 2043 Haec
422 2010 480 2040 tua
504 2014 601 2039 nunc
622 2003 832 2046 virtus‚et‚
855 1999 970 2036 adhuc
992 1998 1076 2036 dum
1100 2003 1178 2039 vita
1199 2001 1381 2046 manebat,

405 2073 541 2119 luxata,
569 2071 750 2122 promittit
778 2068 879 2106 fides.

710 2217 988 2248 FERDxNANDvs
1022 2216 1376 2246 FVRSTENBERGJVS.
