1527 2807
309 302 385 357 335
570 308 1164 341 ιιισῐΔεΑ.

309 415 395 462 An,
423 411 599 463 gremium
619 418 736 447 terrae
759 409 840 447 dum
863 410 1031 458 coniugis
1056 411 1170 449 imbre
1195 414 1353 462 maritat,

362 486 502 535 Iupiter
525 495 545 520 e
570 481 701 531 pluvio
724 479 818 518 fudit
842 483 877 518 iu
903 491 985 517 arva
1007 479 1114 518 finu?

306 557 432 602 Num,
468 555 594 592 fidibus
615 551 762 601 pollens
787 560 822 588 et
839 551 888 589 dii
910 551 1078 587 carminis
1110 549 1256 597 austor,

366 624 544 673 Cynthius
567 621 714 659 Aoniae
739 619 772 654 vi
797 619 861 654 tibi
885 618 985 656 ceffit
1008 620 1148 667 aquae?

305 692 353 732 Et
375 693 520 730 soboies
540 689 646 727 succo
667 698 703 725 te
727 687 850 724 snarfit
876 687 1067 736 Apollinis
1087 690 1213 735 omni,

359 758 449 812 Quo
472 758 623 795 validam
649 758 786 795 morbis
809 757 880 795 sert
903 741 1103 805 Epidaurus
1126 759 1269 808 opem?

306 831 405 869 Num
426 858 435 873 ,
467 828 547 877 quia
570 827 709 864 fidere-o
730 836 768 866 te
790 828 966 876 plurimus
987 826 1158 865 admovet
1179 831 1235 866 ori
1253 857 1263 874 ‚

357 899 407 936 Et
426 899 491 936 tibi
514 897 584 937 feta
604 897 673 934 deo
693 899 842 948 pestora
863 899 963 937 noss‘e
992 898 1113 942 datur,

305 969 430 1007 Turba
458 967 682 1016 superbimus
704 968 777 1016 quo
804 968 912 1006 Delia
933 970 1106 1018 principe
1129 978 1246 1015 vates,

357 1038 580 1076 Annuerunt
601 1037 703 1073 dotes
728 1038 765 1074 di
799 1038 891 1081 tibi,
936 1037 1116 1086 nympha,
1151 1037 1257 1077 suas?

291 1101 442 1150 Certe,
472 1103 653 1143 Naiadum
676 1107 947 1155 paimoniam,
979 1107 1026 1144 fic
1054 1106 1093 1144 sit
1114 1116 1288 1157 oportet:

357 1178 476 1214 Tanta
500 1176 664 1214 salutares
688 1176 799 1223 gratia
821 1176 934 1212 comit
953 1186 1072 1221 aquas.

306 1247 394 1293 Tu,
416 1246 558 1284 domini
582 1256 702 1283 mores
723 1245 878 1294 lymphis
898 1246 1032 1282 imitata
1053 1246 1243 1294 benignis,

361 1316 433 1354 Cui
457 1315 498 1352 fis
519 1314 717 1356 delicium,
752 1314 809 1349 cui
834 1310 1036 1359 famuIeoe,
1066 1314 1212 1360 probas.

303 1383 447 1424 Enthea
471 1382 656 1427 Castaliis,
689 1379 922 1423 Fernandus,
961 1391 1045 1418 cura
1067 1379 1200 1418 deabus

354 1454 530 1491 Numinis
551 1450 673 1491 afflatu
694 1460 731 1489 te
753 1450 879 1493 fovet,
911 1449 1027 1496 unda,
1055 1449 1129 1495 sui;

303 1524 449 1572 Regnat
472 1530 508 1560 et
529 1521 614 1566 hic;
645 1520 816 1567 nullaque
834 1520 917 1568 piae
939 1519 1000 1556 sub
1028 1519 1184 1568 imagine
1206 1523 1338 1562 mentis

360 1588 537 1630 vividius
559 1590 689 1639 spirat,
720 1597 787 1626 tam
811 1588 1008 1638 similisque
1032 1589 1109 1627 fibi.

303 1659 381 1699 Pro
401 1669 538 1707 genere
558 1659 716 1695 humano
737 1659 897 1707 Superos
923 1659 1055 1707 quibus
1074 1658 1138 1696 ille
1159 1656 1307 1709 fatigat,

364 1728 425 1764 Ne
444 1737 513 1773 qua
537 1726 600 1764 suo
624 1737 768 1765 careant
793 1727 964 1777 pondere
988 1738 1094 1773 vota,
1123 1738 1247 1766 caves.

306 1799 491 1839 Paeoniae
514 1796 599 1835 fons
622 1799 711 1835 uber
733 1809 865 1846 aquae,
898 1797 1108 1835 mortalibus
1132 1795 1273 1843 aegris,

362 1867 418 1906 Di
435 1871 546 1915 dent,
573 1868 787 1916 praesidium
808 1868 894 1903 mite
915 1868 1089 1913 perennis
1109 1877 1167 1904 eas
1185 1870 1193 1905 !

309 1937 386 1978 Seu
426 1937 544 1975 iecori
568 1937 653 1974 bilis
670 1967 679 1982 ,
709 1935 898 1973 stomacho
920 1937 1047 1984 pituita
1066 1937 1218 1975 molesta
1238 1938 1291 1977 est
1306 1967 1319 1988 „

299 2024 303 2029 ·
357 2007 480 2056 Atque
503 2008 757 2054 intemperIem
780 2004 903 2042 miscet
925 2006 1098 2054 utrinque
1119 2007 1238 2054 suarm

306 2075 553 2115 Obstructove
576 2076 651 2112 lien
677 2082 798 2123 gravat
824 2073 996 2112 intestina
1020 2084 1137 2113 meatu
1157 2106 1167 2122 ,

359 2146 406 2186 Et
434 2147 502 2184 iam
524 2145 560 2184 se
579 2147 691 2185 nimii
716 2144 814 2183 mole
838 2154 905 2182 nec
930 2144 994 2182 ilie
1016 2144 1144 2194 cap-im
