1527 2807
384 210 828 247 toz-rxcnns
1135 212 1186 251 43

26 312 224 359 Evenere,
253 310 365 362 patris
387 311 501 350 modo
521 311 585 361 qui
610 311 780 360 dignatus
797 308 972 356 honore,'

86 382 239 435 Quique
259 379 435 419 senatoris
458 382 609 418 nomine
627 380 744 417 clarus
766 378 865 416 eram
883 390 896 418 :

26 451 68 491 N
72 461 141 488 unc
156 447 296 486 meritis
319 448 408 487 mihi
436 449 555 495 major
572 448 692 485 honos
709 476 720 493 ‚
741 448 993 496 precibusque
1022 444 1183 486 remisfis

80 518 204 556 Altior
228 516 267 553 in
295 518 413 566 patria
438 516 596 564 contigit
628 517 721 553 urbe
757 517 877 556 locus.

29 588 114 640 Qua
137 587 260 634 gravis
283 594 370 623 ante
388 585 523 629 senex,
549 592 719 622 materno
742 583 915 632 sanguine
934 584 1103 632 junaus,

84 653 261 699 Sederat,
294 661 334 691 et
360 653 445 691 sella
465 654 538 701 qua
557 651 646 690 mihi
666 651 806 690 sanstus
830 664 943 700 avus,

32 723 273 772 Conspicior:
305 721 415 766 mihi,
439 720 536 758 livor
556 719 675 766 edax,
700 722 854 769 ignosce
872 723 1045 769 canenti.

90 792 129 830 Si
156 791 293 829 solvam
317 789 418 828 facili
444 789 592 840 publica
614 799 705 828 vota
727 788 825 826 deo.-

32 861 94 906 si,
125 860 210 898 mihi
244 859 398 898 Castalii
421 859 507 896 dum
527 858 662 908 pocula
687 857 797 907 plena
817 857 975 907 liquoris

82 927 249 967 Sufficiat
278 928 375 967 festfa
403 926 527 965 fautor
566 926 708 976 Apollo
738 925 822 973 die,

31 997 180 1036 Dicere
202 1006 325 1036 ament
341 995 439 1044 elegi
456 994 755 1042 Hoogenhoukia
776 996 926 1034 nomina
951 999 1094 1045 nostri,

81 1066 368 1118 Alphe-numque
397 1075 572 1113 gravem,
606 1063 944 1114 winegenumque
965 1077 1104 1108 meum.

0 1119 1 1183 ἢ
29 1133 91 1172 Te
121 1145 291 1184 quoque,
328 1135 427 1172 clare
459 1133 603 1177 atavis,
633 1133 794 1181 propriis
821 1134 886 1181 qui
904 1133 1038 1172 clarior
1058 1135 1148 1188 affl}

81 1202 371 1248 lamfummae,
403 1201 635 1250 Hoogveeni
652 1228 663 1245 ‚
690 1200 870 1250 prospicis
891 1212 1012 1252 usque
1030 1204 1099 1246 rei.

30 1272 81 1310 Et
115 1280 237 1308 tantos
262 1270 440 1308 meditata
470 1271 598 1313 vitos,
629 1268 665 1306 fir
687 1280 789 1317 grata
819 1272 982 1309 Camena

83 1339 302 1387 Scripserit:
332 1339 456 1376 austus
486 1341 604 1375 honos
619 1337 674 1375 his
693 1339 781 1376 mihi
806 1337 1051 1382 Consulibus.

24 1405 94 1444 Ne
124 1415 245 1444 tamen
275 1406 431 1444 ulterius
462 1406 569 1443 nobis
595 1403 767 1444 dubitare
793 1408 951 1453 liceret,

85 1474 356 1525 Respiceretne
388 1475 518 1512 favens
547 1481 636 1512 vota
666 1484 819 1524 paterna
847 1475 964 1522 deus;

29 1542 243 1588 Eveniunt,
278 1542 407 1581 titulus
435 1541 503 1579 tibi
531 1542 650 1588 major
678 1545 725 1581 ab
754 1553 834 1583 arte
865 1544 1040 1586 medendi

86 1611 239 1658 Surgit,
271 1609 450 1648 honorata
483 1609 785 1660 conspicerisque
815 1614 915 1661 togfi.

32 1679 109 1732 Qui
137 1677 249 1717 modo
274 1677 432 1716 dileaos
462 1687 538 1714 non
569 1676 720 1717 ultimus
750 1681 847 1718 inter
862 1680 1029 1721 alumnos

86 1746 280 1785 Pendebas
310 1745 427 1784 almae
453 1746 579 1783 matris
606 1748 653 1784 ab
683 1758 751 1785 ore
777 1760 894 1798 puer,

27 1814 106 1854 Iam
136 1816 286 1862 juvenis
316 1814 460 1868 (lustro
486 1814 584 1851 bene
611 1816 697 1862 vix,
728 1825 927 1864 germane,
954 1817 1143 1874 peraclo)

84 1883 290 1922 Doftorum
317 1884 456 1934 primus
480 1883 610 1922 mistus
637 1895 677 1923 es
707 1882 916 1928 ordinibus.

30 1949 107 1989 Hic
137 1949 211 1988 fine
237 1962 296 1989 me
325 1951 394 1990 tibi
423 1958 549 2000 partus
579 1951 719 1992 honor.
753 1953 902 1993 solertia
930 1956 1092 1997 summos

81 2017 238 2071 Movit,
265 2029 305 2060 et
330 2020 473 2071 ingenii
500 2018 600 2070 figna
617 2025 800 2073 probata,
833 2024 934 2062 viros
