1527 2807
321 318 921 356 arrxnnax
1113 319 1185 364 365

46 432 178 477 Inter,
206 435 247 467 ut
278 427 353 477 ipsa
381 424 458 463 suas
493 425 592 462 inter
623 423 783 462 Latonia
817 423 1011 474 nymphas.

42 497 147 551 Quid
178 494 350 535 dubitas?
377 495 539 543 geminis
573 492 745 532 Galateae
773 491 874 530 colla
903 492 1048 533 lacertis

42 568 218 616 stringe!
254 567 365 605 licet:
398 565 555 603 Galatea
589 573 673 602 tuos
702 564 872 611 respexit
905 575 1065 603 amores·

40 635 129 674 Huc
150 634 257 684 adeS,
288 645 312 673 0
332 634 574 683 Hymenaee,
613 631 719 678 fave,
745 632 835 671 fave
850 660 862 678 ,
881 645 907 672 ο
928 634 1174 684 Hymenaee!

43 774 94 813 Vt
122 773 308 812 decorant
339 771 447 811 nivei
479 771 648 820 sponsam
670 769 747 809 fine
769 771 932 829 erimine
956 781 1109 818 mores,

41 843 319 891 Ingeniumque
351 843 477 890 sagax,
511 850 546 879 et
577 839 711 878 fraudis
739 839 868 878 nescia
898 840 1049 886 virtus,

42 910 92 948 Et
122 908 266 958 pudor,
297 919 335 949 et
364 911 506 949 blando
537 912 736 949 coniuncta
764 909 952 947 modestia
983 911 1116 957 vultu,
1179 921 1184 925 ’

40 978 267 1030 Vrbanique
294 978 409 1026 sales,
441 989 500 1026 et,
534 989 627 1028 quae
657 978 861 1027 praesignis
883 987 920 1017 et
950 980 1091 1029 ipsam,

48 1050 206 1096 Forma,
240 1048 379 1089 decere
407 1057 518 1100 queat
548 1050 740 1087 Venerem
770 1048 937 1087 trinasve
966 1048 1139 1090 sorores!

47 1188 146 1240 Quis
172 1187 302 1228 videat
331 1185 472 1236 sparsos
501 1200 574 1240 per
602 1189 769 1227 eburnea
798 1186 897 1225 colla
927 1187 1118 1238 capnion

42 1253 142 1310 Quis
172 1258 330 1302 faciem,
358 1256 539 1302 Galatea,
571 1264 690 1300 tuam3
719 1257 801 1304 quis
829 1256 939 1297 dulce
963 1267 1146 1296 tumentes

42 1329 329 1378 Purpureasque
359 1337 497 1374 genam
529 1327 611 1376 quis
642 1326 742 1364 labra
766 1327 984 1375 fragrantia,
1015 1328 1132 1377 pictis

47 1399 209 1438 Aemula
239 1397 340 1436 labra
371 1397 490 1443 rofis;
517 1398 599 1446 quis
627 1405 783 1446 pectus,
809 1396 921 1437 olore
952 1399 1094 1437 nitenti

44 1465 252 1505 Candidius
265 1494 275 1511 ,
300 1465 506 1516 niveosque
517 1467 635 1517 pedes
651 1495 662 1511 ‚
677 1465 899 1517 digitosque
916 1495 925 1512 ,
943 1476 1168 1515 manusque;

46 1537 143 1588 Quis
175 1535 302 1573 videat
328 1537 504 1582 geminos
531 1545 589 1574 tua
616 1535 711 1573 soles
741 1535 903 1580 lumina,
938 1532 1092 1575 Phoebi

42 1604 203 1644 Lumina
232 1612 430 1654 perpetuas
462 1607 571 1644 instar
601 1605 803 1644 iaculantia
834 1605 1023 1652 flammas;

49 1677 99 1716 Et
128 1684 292 1722 maneat,
324 1674 436 1714 nullo
465 1684 662 1725 correptus
691 1684 819 1712 amore
850 1676 1059 1724 medullas,

45 1749 169 1787 Tutus
199 1748 246 1785 ab
277 1746 364 1795 igne
394 1752 483 1790 tuo,
514 1756 638 1783 rerum
666 1744 943 1794 pulcherrima;
974 1757 1044 1784 nec
1071 1754 1109 1786 te

49 1816 213 1863 ardeat,
245 1823 282 1854 ut
311 1815 405 1853 diris
437 1812 580 1852 iniecta
608 1814 818 1863 gigantibus
848 1813 1002 1854 Aetna!

47 1957 110 1998 sit
139 1955 226 1995 licet
258 1955 431 2004 Hyrcana
460 1950 508 1990 de
536 1952 670 2001 tigride
699 1965 794 2005 rupe
823 1957 886 1997 sub
915 1957 988 1998 alta

53 2026 197 2070 Natus,
225 2033 262 2063 et
291 2025 449 2062 invictos
480 2025 626 2074 superet
653 2024 806 2078 feritate
836 2028 995 2077 leones,

49 2094 113 2136 Sit
139 2093 232 2133 licet
259 2100 298 2133 et
324 2092 484 2143 scopulis
513 2100 552 2133 et
580 2103 764 2136 marmore
793 2095 925 2138 durior
958 2098 1061 2152 ipso,

651 2176 696 2203 oo
728 2176 748 2215 3
