1527 2807
394 268 807 302 roz'rchl.

152 373 227 416 Aut
252 370 388 423 pendet
409 371 538 420 patulo
562 371 652 410 salax
673 372 717 408 ab
738 383 819 410 ore.

154 440 227 479 Sed
256 451 339 478 cum
367 438 510 477 Pallade
537 439 706 477 dividens
736 439 914 486 Dionen,

153 507 409 559 Jucundiffima
435 518 526 557 quae
554 506 763 545 viciffitudo
793 506 866 550 est,

154 575 294 614 Noftes
323 575 382 614 dat
409 575 573 619 Veneri,
604 574 680 611 dies
710 574 924 611 Minervae.

149 641 211 680 Ad
238 643 444 681 Tritonidis
471 643 591 680 acrior
618 641 826 691 palaestram

153 710 242 749 Post
268 710 358 749 haec
386 711 526 750 ludicra
555 711 758 757 laetiorque
787 708 910 756 surgit.

152 780 189 815 A
214 779 470 828 complexibus
498 777 703 827 osculisque
732 776 883 814 multum

147 845 287 884 noetus
315 847 459 894 jugibus
487 845 672 885 incalescit
700 845 822 883 ardor.

157 912 266 951 Hanc
290 915 408 952 charta
435 913 643 952 ambrofiam
674 913 823 951 venusta
852 911 983 962 spiram

151 982 241 1024 Hoc
269 981 434 1021 facundia
463 983 583 1021 nessar
613 982 840 1026 hauriendo,

97 1047 103 1056 ‘
153 1050 292 1088 Oestro
319 1061 456 1100 perclta
486 1060 553 1089 ceu
581 1049 622 1088 fit
649 1052 842 1093 entheato,

149 1118 278 1156 Terris
306 1120 450 1156 aethera
477 1119 645 1166 concipit
671 1116 822 1160 reliftis.

150 1184 400 1225 Oblsstamina
428 1186 514 1236 quid
543 1186 672 1224 diurna
701 1197 873 1229 narrem,

153 1257 339 1294 Immunes
358 1256 488 1304 quibus
512 1264 707 1304 erogantur
728 1255 872 1293 horae?

151 1325 265 1363 Nunc
296 1323 474 1373 stipendia
500 1324 688 1362 luculenta
714 1324 838 1361 dotem

153 1391 296 1431 Sollers
325 1402 493 1441 ponere,
523 1403 687 1443 quaeque
715 1400 814 1441 parta
843 1390 948 1430 miles

153 1460 279 1500 Dustu
306 1460 368 1497 sub
394 1461 537 1509 Papnio
565 1461 727 1497 merebat
754 1471 858 1507 aera,

154 1529 219 1567 Ne
248 1527 374 1566 census
403 1528 494 1565 male
523 1527 706 1565 deteratur
734 1529 874 1568 obstat:

152 1597 254 1648 Quin
283 1605 320 1634 et
349 1597 545 1634 Mercurio
575 1597 744 1645 probatus
771 1609 887 1646 aequo

154 1666 269 1704 Lucri
298 1666 458 1716 praemia
485 1665 584 1704 tollit
611 1664 814 1703 adfluentis.

150 1735 265 1772 Nunc
295 1734 412 1771 lautos
441 1732 576 1782 opibus
604 1733 671 1771 suis
701 1733 758 1770 dat
787 1733 890 1772 usus:

149 1803 249 1841 Caris
277 1810 443 1852 tempora
471 1813 540 1840 nec
567 1813 703 1851 negans
733 1803 854 1840 amicis

156 1874 286 1909 Curam
317 1871 376 1910 sed
405 1870 553 1909 modico
580 1870 702 1908 domat
730 1871 867 1919 Lyaeo.

157 1938 266 1991 Quali
295 1937 386 1976 seria
412 1948 498 1977 tunc
523 1939 612 1986 joco
643 1937 834 1977 renident!

159 2007 289 2045 Musae
312 2007 448 2052 dicite,
474 2007 534 2044 dic
562 2008 763 2051 Minerva,
793 2006 952 2055 quaeso,

166 2075 311 2114 Turbae
341 2075 386 2115 de
413 2086 568 2116 numero
598 2075 676 2124 quis
706 2074 870 2114 eruditae

659 2156 676 2182 e
707 2151 720 2181 5
