1527 2807
421 327 853 356 rozrrc.¹lz.-
1103 326 1174 364 129

147 435 332 478 Memini,
363 432 546 471 Gerardel
574 433 678 480 saepe
705 441 740 470 te
768 431 1041 479 obmutescere,

137 503 290 543 ⁴Vidium
318 505 466 553 putavi3
492 514 552 541 me
574 503 753 540 fefellitne
779 505 898 541 ratio?

145 577 235 614 Non
264 586 322 612 me
349 574 494 612 fefellit.
541 573 712 611 Moribus
740 573 798 610 sed
827 585 919 620 quae
948 575 1016 622 piis

143 646 283 685 Aetatis
309 654 412 683 ornat
438 643 607 682 floridum
636 653 777 691 tempus
808 644 910 689 suae,

143 715 304 768 Jacoba,
330 725 426 752 rarae
454 713 542 752 dote
566 714 818 762 pulcritudinis

142 786 262 825 Tanto
290 785 420 834 puellis
447 785 617 823 omnibus
646 784 901 832 praestantior,

143 856 292 906 Quanto
322 857 384 894 vel
411 866 536 893 omnes
563 857 675 892 ante'st
699 854 892 898 modesti-<³5

141 926 325 972 Pervicit‚
352 927 512 965 Aemili!
542 926 593 964 tui
622 926 732 963 robur
759 926 888 969 animi3

139 997 356 1045 Docuitque
382 997 549 1042 tandem,
577 996 666 1044 quid
694 1007 827 1044 potens
855 996 970 1034 valeat
1001 995 1131 1033 Amor.

138 1066 314 1104 Dostrina
339 1067 454 1105 mitis!
484 1077 524 1105 ut
551 1068 671 1104 calore
703 1077 830 1105 mutuo

137 1137 280 1176 Fovere
311 1136 471 1175 dulcium
499 1139 612 1176 velint
638 1139 830 1176 amantium

140 1210 238 1248 Cum
266 1208 384 1245 Matre
414 1208 542 1246 blandii
572 1209 738 1247 blandior
764 1210 911 1257 peftora
940 1206 1047 1244 Puer.

137 1279 197 1316 Sic
223 1279 284 1315 ille
315 1277 429 1315 vistus
459 1279 574 1316 aureis
605 1279 658 1317 vir
689 1279 836 1316 dotibus

140 1349 291 1386 Pulcrae
318 1351 460 1396 puellae
487 1348 640 1397 supplici
672 1349 813 1387 tandem
841 1359 952 1395 prece

133 1418 262 1456 Viftor
291 1419 448 1466 cupitam
480 1420 601 1456 retulit
629 1420 837 1462 vistoriam3

136 1488 286 1536 Avique
317 1488 418 1526 ducit
441 1489 626 1536 Virginem
655 1490 752 1526 bonci
779 1489 942 1525 domum.

135 1558 354 1596 Moduletur
380 1559 469 1596 alius
498 1570 625 1597 aureae
656 1561 753 1608 lyrae
781 1557 922 1602 modis,

136 1628 356 1665 Intaminatis
386 1640 426 1667 ut
454 1630 601 1667 corusca
628 1630 851 1673 honoribus,

135 1698 276 1737 Patriae
304 1701 475 1737 columna
502 1699 602 1737 firma
626 1700 732 1737 rebus
767 1700 802 1735 in
829 1699 982 1746 asperis,

133 1769 204 1807 Per
232 1770 332 1817 plura
363 1769 460 1808 fulsit
489 1770 600 1808 saecla
629 1781 718 1818 gens
747 1769 1015 1817 Hoogveenia:

131 1839 379 1887 Sponsamque
406 1841 553 1878 felicem
581 1841 662 1878 viro
689 1850 788 1877 tanto
815 1850 940 1884 canat,

134 1909 210 1960 Qui
236 1909 443 1958 splendidae
476 1922 615 1949 novum
643 1910 780 1948 addidit
806 1910 904 1958 genti
933 1910 1063 1949 decus.

132 1979 319 2028 Vatesque
345 1993 442 2020 voce
469 1982 653 2020 faustitatis
682 1981 852 2029 publicae

136 2049 250 2088 Laeta
275 2051 426 2099 sequens
450 2061 487 2090 et
511 2053 715 2099 virginum,
746 2062 781 2088 et
807 2050 980 2098 juvenum
1005 2051 1165 2098 choros,

136 2120 312 2168 Sponsum
347 2122 491 2159 beatum
521 2123 670 2170 Virgine
697 2123 763 2159 hac
793 2132 828 2158 te
856 2122 1040 2169 praedicet

134 2190 300 2230 Decente
327 2193 443 2241 pulcri
476 2193 665 2240 corporis,
696 2202 732 2230 et
757 2192 863 2230 animi
890 2191 1010 2230 bonis.

564 2265 629 2310 1'4
