1527 2807
344 287 415 326 134
730 283 1078 310 DELxCIAz

389 391 446 427 Te
475 388 633 438 gaudent
660 389 828 426 veniente
857 388 1027 426 domum:
1056 397 1116 426 tua
1140 388 1285 426 nomina
1310 388 1421 427 laetus

388 460 530 498 Reddit
557 469 666 506 ager,
695 458 815 506 sylvae
842 459 1005 497 resonant
1028 469 1063 496 et
1091 468 1283 496 murmurat
1308 458 1415 496 unda.

387 529 597 577 Aggredere
625 541 648 566 0
677 539 813 566 vacuos
841 529 1004 576 felixque
1035 527 1175 576 capeffe
1203 538 1350 576 penates

387 600 590 642 Auriacos3
619 598 668 635 ibi
695 601 936 649 complexus,
965 600 1014 636 ibi
1046 599 1175 646 gaudia
1202 598 1374 643 habebis,

389 669 439 706 Et
467 667 644 715 quicquid
673 671 794 714 primis
824 669 979 707 didicisti
1006 669 1173 706 nostibus
1201 679 1311 706 uxor.

385 739 570 776 Dixerunt
594 739 770 786 juvenes,
800 753 866 779 vos
895 739 1110 787 respondete
1138 740 1294 786 puellae.

438 808 514 858 Qui
543 818 598 853 te,
627 809 688 856 qui
717 810 873 854 nostras,
900 809 1077 862 Juvenis,
1104 810 1279 856 populare
1305 807 1479 845 catervas⁴
1521 793 1526 858 ‚s

387 878 560 925 Impulit,
588 888 624 916 et
649 879 782 917 sociam
812 879 997 928 Nymphis
1023 890 1081 915 au
1072 879 1162 914 erre
1186 878 1386 923 Britannis,
1521 867 1524 885 ⁶

386 948 503 985 Vnica
527 960 620 996 quae
646 949 753 988 nostri
783 950 898 986 fuerat
925 948 1038 986 modo
1063 949 1176 996 gloria
1200 948 1332 986 sexus?

385 1019 421 1055 Si
448 1019 603 1056 crudelis
628 1031 752 1066 amor-3
778 1019 932 1057 crudelis
963 1028 1001 1055 tu
1030 1029 1182 1065 quoque
1210 1018 1409 1066 Princeps,

384 1088 507 1137 Quem
537 1100 610 1126 non
639 1091 716 1138 virg,
704 1091 791 1127 inei
820 1098 1019 1137 potuerunt
1046 1088 1188 1125 fleetere
1213 1087 1382 1135 questus,

383 1159 467 1195 Nec
491 1161 667 1208 lacrymae
692 1171 860 1208 potuere.
886 1159 1001 1197 redux
1023 1168 1139 1195 tamen
1168 1169 1281 1205 usque
1305 1159 1461 1206 valebis,
1517 1163 1525 1216 s

383 1229 550 1267 Crudelis
578 1231 664 1268 licet
695 1242 730 1268 et
759 1231 879 1268 nostro
906 1230 1023 1266 miuus
1050 1238 1187 1274 aequus
1214 1228 1358 1265 honori.

383 1299 561 1346 Incipiam
588 1300 764 1346 juvenes,
792 1300 863 1348 jam
891 1298 1105 1346 respondere
1130 1299 1286 1344 puellae.

436 1370 523 1407 Huc
549 1370 650 1407 ades!
685 1380 720 1409 ct
748 1371 866 1415 votis,
894 1380 987 1417 quae
1015 1369 1134 1404 vincla
1158 1367 1291 1415 jugalia
1312 1379 1434 1414 curas,

380 1441 479 1491 Juno
509 1439 613 1485 sav·e
643 1450 702 1478 tua
727 1453 782 1479 res
811 1441 947 1488 agitur,
976 1439 1040 1476 tibi
1071 1439 1213 1476 tradidit
1237 1440 1330 1476 ultro

383 1511 463 1548 Hos
492 1511 640 1555 Venus,
667 1521 702 1548 et
731 1512 844 1549 castae
870 1511 1020 1548 Veneris
1049 1507 1228 1546 leetiffima
1250 1511 1329 1557 prol
1333 1519 1384 1548 es.

384 1581 453 1618 His
483 1581 563 1618 face
591 1581 690 1617 felici
721 1583 913 1618 volvantur
939 1590 1100 1628 tempora
1126 1579 1228 1624 fuso,

383 1651 432 1687 lit
459 1660 599 1688 currant
626 1650 698 1688 sine
723 1652 819 1688 nube
845 1651 946 1688 dies:
974 1661 1047 1687 non
1077 1651 1204 1687 arelius
1233 1651 1303 1687 alni

381 1721 533 1757 Brachia
560 1720 800 1767 constringant
825 1720 956 1757 hedera
984 1719 1143 1766 serpente
1170 1719 1330 1766 flagella3

383 1790 515 1827 Oscula
543 1802 610 1828 nec
638 1800 781 1828 tenerae
810 1792 956 1828 vincant
982 1791 1016 1826 in
1045 1800 1166 1827 amore
1192 1793 1397 1829 columbae.

380 1860 564 1897 Dixerunt
587 1861 760 1908 juvenes,
787 1873 854 1898 vos
881 1859 1095 1908 respondete
1122 1862 1276 1907 puellae.

432 1928 592 1967 Frifiacis
619 1931 756 1978 Virgo,
784 1931 843 1968 seu
867 1932 936 1978 jam
961 1940 1120 1967 matrona
1145 1931 1268 1967 vocari

380 2000 577 2046 malueris,
606 2001 684 2039 sunt
713 2012 749 2039 et
774 2001 900 2039 nostris
929 2001 986 2038 sua
1015 2000 1143 2047 gaudia
1169 1973 1375 2049 Nymphis:

382 2072 471 2109 Sunt
497 2071 651 2109 choreae
680 2082 714 2109 et
741 2072 859 2116 lusus;
896 2083 989 2118 quos
1016 2070 1038 2107 ii
1070 2071 1262 2118 dignabere
1291 2072 1445 2117 honore,

379 2138 540 2182 Frissacis
566 2143 684 2180 nullae
709 2152 881 2192 poterunt
907 2141 1127 2180 contendere
1155 2142 1362 2190 Nymphae.
