1527 2807
286 265 367 321 ,μῆ
544 279 1145 315 ιιιοιιειῐ

281 382 357 420 Hic
385 377 532 431 quoque
561 378 763 430 purpureis
800 378 930 429 gaudet
960 380 1103 422 fluitare
1131 383 1305 433 labellisg

339 448 566 498 Spiculaque
595 459 617 487 e
645 457 780 490 tenero
820 451 963 490 lumine
994 455 1115 491 vibrat
1143 453 1274 493 Amor.

279 517 415 562 Vesta,
445 515 536 565 quid
567 525 761 558 aeternum
801 522 940 559 iactare
969 521 1162 569 superbitis
1193 526 1338 573 ignem,

334 589 382 627 Et
412 587 505 625 sacra
543 587 756 636 virginibus
785 590 1063 634 continuanda,
1094 590 1226 629 soles?

283 658 335 698 At
364 659 515 707 quoties
547 657 690 706 (dirum
719 657 864 707 pavidis
894 658 1102 697 custodibus
1132 659 1289 709 omenl)

336 727 489 767 Diceris
519 730 705 768 exstincto
734 729 995 767 contremuisse
1025 728 1138 767 foco!

282 798 417 836 Purior
443 797 507 835 hic
539 797 630 842 illo,
663 804 701 834 et
730 797 850 837 multo
878 797 932 835 est
969 798 1201 838 constantior
1231 787 1357 851 ignis,

339 869 466 916 Ignis,
494 867 687 906 Acidaliae
715 867 831 906 dulcis
861 868 988 918 imago
1016 867 1126 912 deae,

284 938 359 990 Qui
389 938 452 977 vel
483 937 666 986 virgineis
694 935 813 987 longe
840 938 1002 976 collucet
1031 938 1189 985 ocellis,

335 1006 411 1045 Aut
438 1007 555 1044 media
585 1008 741 1057 obliquo
772 1007 932 1048 fulmine
963 1007 1076 1046 corda
1105 1009 1220 1056 petit·

281 1076 539 1129 Hincquoque
562 1090 634 1117 nos
663 1077 824 1123 crebro,
843 1089 934 1126 gens
947 1087 1025 1114 non
1039 1076 1273 1126 adamantina,
1297 1088 1411 1129 vates,

338 1146 523 1187 Discimus
554 1145 671 1186 Aonii
697 1146 844 1185 culmen
876 1147 980 1185 adire
1011 1146 1104 1195 iugi.

271 1220 445 1271 :spiritus
472 1217 562 1254 hInc
583 1217 651 1254 ille
673 1216 727 1253 est
746 1244 756 1260 ,
781 1226 855 1263 quo
880 1226 949 1252 nos
972 1216 1134 1264 agitante
1162 1220 1300 1266 poetae

338 1287 551 1327 Mulcemus
582 1281 725 1321 blandis
754 1283 882 1333 aspera
911 1284 1021 1322 corda
1050 1287 1166 1326 sonis.

283 1358 465 1399 Carminis
494 1353 831 1400 artificem‚laudat
859 1352 1008 1404 quoque
1036 1356 1211 1395 Phoebus
1235 1369 1413 1407 amorem,

336 1430 421 1468 Nec
450 1427 590 1465 socium
619 1425 727 1473 regni
758 1424 912 1473 denegat
941 1424 1019 1474 lpse
1047 1425 1116 1464 sui.

285 1498 442 1539 Scilicet
471 1503 674 1543 expertus,
703 1493 809 1541 pueri
839 1492 927 1542 quid
957 1494 1053 1538 tela,
1081 1495 1167 1545 quid
1204 1508 1334 1546 arcus,

341 1566 442 1620 Quid
470 1565 614 1602 valeant
643 1562 834 1611 geminae,
864 1559 1019 1601 fulmina
1048 1573 1173 1613 grata,
1206 1565 1318 1606 faces.

285 1636 390 1676 Haec
420 1645 491 1683 ego
522 1645 600 1672 non
629 1631 742 1671 tristis
780 1631 929 1670 tacitum
959 1632 1158 1670 meditabar
1185 1634 1227 1672 ad
1258 1636 1409 1689 ignem,

338 1708 553 1755 Tempore,
580 1715 656 1752 quo
685 1700 795 1740 fessos
824 1709 972 1740 recreat
999 1701 1068 1738 alta
1099 1703 1217 1750 quies;

287 1778 407 1831 Quum
435 1774 556 1814 subito
582 1772 753 1811 attonitas
783 1769 918 1808 stridor
956 1769 1171 1811 diverberat
1199 1785 1334 1823 aures,

343 1847 390 1884 Et
417 1854 491 1883 tota
519 1844 704 1881 aethereo
732 1841 832 1878 lucet
861 1840 905 1876 ab
934 1839 1023 1888 igne
1047 1840 1189 1880 domus,

240 1942 245 1951 .
283 1909 498 1964 Obstup‘ui,
526 1909 761 1960 trepidatque
788 1908 861 1945 cita
890 1906 1092 1947 formidine
1119 1919 1274 1961 pectus,

340 1987 387 2024 Et
418 1982 509 2031 tegit
538 1980 709 2020 obscurus
740 1977 875 2015 lumina
902 1986 993 2016 tacta
1021 1990 1157 2029 vapor;

287 2055 418 2110 Q'ralis
445 2047 654 2088 odoriferis
685 2045 867 2095 quondam
896 2048 1064 2098 surgebat
1092 2049 1137 2087 ab
1164 2052 1257 2100 aris,

345 2118 442 2173 Quis
471 2117 533 2156 sua
561 2116 723 2157 mittebat
752 2128 904 2156 munera
932 2119 1036 2158 dives
1064 2119 1200 2161 Arabs.
