1527 2807
477 207 790 246 CAnmmA.
934 204 937 205 ⁷
1121 220 1193 253 21*

51 362 1153 422 szxkizxzfflztvxzfflzffiz

575 497 648 523 AD

70 590 1124 642 J.11.}10EUFFT1UM

485 706 727 735 SPONSL'M.

673 749 682 766 ι

44 861 189 954 Im,
217 909 266 946 ita
289 908 350 946 sun
379 910 487 947 felix!
519 908 705 956 gratiffima
724 910 827 949 litera
849 912 980 956 venit;

95 985 186 1033 Ista,
213 987 379 1038 Jacobe,
408 988 460 1024 tui
483 990 607 1024 nuntia
625 987 802 1035 conjugii.
866 971 868 976 Ι

41 1064 264 1102 Fortunate!
295 1065 405 1112 igitur
427 1076 507 1102 cara
528 1067 671 1113 potiere
692 1067 827 1113 puella.

92 1143 171 1190 Ipsa
190 1142 254 1181 sub
277 1145 466 1191 amplexus
488 1155 563 1182 non
580 1154 688 1191 negat
710 1144 761 1181 ire
783 1153 880 1183 tuos.

39 1221 127 1258 noc
149 1232 244 1266 erat,
275 1222 348 1259 hoc
362 1250 374 1267 ,
413 1222 533 1260 Divos
555 1222 659 1270 quod
680 1222 846 1270 supplice
865 1234 962 1262 voce
984 1225 1158 1273 rogabas;

91 1298 207 1348 Quod
229 1300 294 1337 tibi
315 1311 381 1347 per
401 1310 502 1337 totos
524 1312 610 1338 cura
629 1311 704 1339 erat
725 1311 795 1337 una
818 1299 911 1339 dies.

38 1379 112 1423 Et,
141 1387 225 1415 cum
246 1386 281 1413 te
303 1375 407 1414 fusco
428 1387 590 1424 tegerent
612 1378 790 1415 velamine
808 1379 961 1423 nostes,

93 1454 294 1493 Reddebat
314 1456 458 1494 somnos
479 1455 538 1492 illa
559 1454 699 1502 cupido
719 1455 864 1493 breves.

38 1535 73 1573 O
95 1533 232 1571 nodum
256 1535 377 1571 Venus
397 1532 471 1580 ipsa
490 1532 598 1579 liget!
628 1531 732 1578 quod
751 1530 777 1568 fi
799 1543 871 1579 qua
890 1534 1027 1580 poe'tae

89 1613 187 1649 Vota
208 1613 352 1656 valent,
382 1611 523 1647 levibus
545 1621 619 1646 non
641 1608 722 1646 data
743 1609 875 1657 praeda
897 1611 1017 1656 notis,

39 1691 116 1728 vos
136 1700 253 1737 puero
277 1689 419 1726 Lucina
438 1689 546 1726 beet!
574 1689 748 1727 maturior
768 1688 867 1726 annis

91 1766 166 1817 Qui
186 1768 295 1815 patris
319 1768 489 1815 exemplo
511 1766 648 1815 poliice
669 1765 785 1814 pulset
806 1766 909 1804 ebur.

35 1846 108 1891 Et,
137 1845 231 1882 duce
252 1855 310 1891 te,
340 1845 499 1892 Grajos,
528 1843 731 1891 Latiosque
749 1842 887 1882 ediscat
905 1844 1050 1892 olores,

91 1924 142 1962 Et
161 1933 282 1961 tenera
301 1924 464 1961 Ascraeo
485 1921 587 1960 fonte
605 1923 733 1960 labella
752 1922 857 1969 riget.

37 2004 156 2053 Quale
176 1999 487 2039 Philammoniden
508 2001 735 2047 Eumolpum
757 1998 935 2048 Oeagrius
955 2002 1126 2050 Orpheus

88 2079 272 2122 Bistoniae
290 2077 419 2118 docuit
438 2079 534 2117 buxa
554 2077 662 2116 ferire
677 2079 789 2126 lyrae.

582 2156 613 2194 Β
643 2165 663 2203 3
