1527 2807
419 299 823 329 rot-rzcaz.
1127 304 1177 342 93

74 452 471 494 cOSMO
603 447 1176 490 MED10EO

411 542 574 593 Belgium
600 540 837 592 perlustranti.

71 631 263 720 Frigida
287 682 361 720 quo
382 669 557 708 Batavmn
578 669 745 708 lustratur
767 668 949 718 Apolxine
973 666 1080 707 telius
1094 665 1112 702 2

121 739 312 778 Stemmata
333 739 568 790 protulerunt
587 739 660 776 hoc
678 737 854 776 Medicea
872 738 994 776 decus.

70 806 148 845 Hic
166 807 220 845 est
241 819 260 845 a
284 808 396 857 longa
417 810 480 857 qui
501 807 601 846 ducit
620 807 778 855 imagine
800 817 962 853 nomen,

125 875 218 913 Non
237 877 360 914 mmor
383 877 532 915 invictis
552 875 672 924 gloria
695 874 848 911 Cosmus
871 875 960 910 avis.
1010 889 1013 893 ·

68 943 176 982 Illius
197 944 414 985 immensum
439 943 636 992 complexa
659 941 818 980 fideliter
841 942 968 979 orbem

125 1013 216 1050 Non
237 1012 272 1051 se
293 1013 477 1051 continuit
497 1023 598 1050 mens
620 1009 768 1061 spatiosa
793 1008 907 1047 domi.

69 1079 120 1118 Et
141 1080 346 1126 desiderio,
377 1081 596 1129 nostraeque
619 1080 793 1129 cupidine
815 1086 932 1117 terrae

124 1149 305 1188 Sustinuit
325 1151 463 1198 patrios
485 1148 680 1188 deseruiss'e
704 1148 810 1185 lares.

69 1215 252 1259 Hactenus
275 1225 312 1254 et
335 1215 411 1254 sola
429 1218 683 1256 tantummodo
707 1217 853 1265 cognita
876 1215 971 1254 fama

123 1283 235 1322 mum
255 1285 459 1322 Teutonici
481 1286 643 1324 nominis
665 1297 728 1323 ora
754 1285 874 1323 trahit.

68 1351 219 1402 Excipit
239 1354 430 1403 ingentem
450 1354 569 1402 gavisa
590 1354 736 1392 Batavia
765 1354 938 1390 Cosmum
953 1381 963 1397 ‚

124 1423 171 1460 Et
189 1424 403 1472 quacunque
425 1423 550 1473 potest
572 1423 736 1462 demeret
758 1430 834 1458 arte
854 1423 991 1458 virum.

70 1489 231 1530 Amsteia
251 1500 321 1529 tam
341 1502 426 1529 raro
446 1489 502 1528 sua
527 1490 656 1528 limina
674 1490 802 1540 pandit
825 1489 992 1535 honori,

123 1559 171 1597 Et
189 1557 296 1598 fovet
319 1559 514 1598 Etruscum
537 1567 661 1598 mente
684 1559 869 1608 domoque
891 1558 1037 1596 ducem.

66 1627 244 1667 Protinus
263 1638 479 1674 accurrunt,
511 1628 668 1677 laetique
688 1626 818 1666 Herba
843 1626 993 1665 salutant

128 1695 325 1734 Caeruleus
347 1698 495 1735 Nereus
511 1726 521 1742 ‚
544 1697 798 1745 Pleionesque
825 1705 957 1743 nepos,

71 1761 198 1802 Ardua
218 1763 376 1802 sidereae
399 1765 609 1803 submittunt
630 1765 788 1804 cuimIna
807 1774 925 1803 turres
938 1793 951 1810 ‚

125 1831 318 1895 Pronaque
338 1832 571 1882 magnificum
594 1834 704 1871 Curia
727 1838 832 1870 nutat
854 1843 963 1881 opus.

70 1898 210 1947 Inclyta
229 1900 377 1939 miratur
399 1901 556 1939 Cosmus
579 1901 765 1951 Capitolia
779 1931 789 1948 ,
819 1911 984 1950 quaeque

128 1967 330 2018 Tarpejutn
348 1977 520 2019 poterant
540 1971 677 2020 templa
697 1970 831 2009 decere
853 1971 1002 2021 Jovem.

72 2034 236 2074 Percutit
256 2037 443 2075 attonitum
465 2037 636 2076 domuum
658 2038 788 2088 regalis
811 2039 955 2089 imago.

125 2102 173 2141 Et
199 2103 326 2154 nitor,
353 2113 390 2144 et
410 2114 514 2145 certo
538 2105 658 2146 forma
676 2107 811 2145 decora
835 2108 961 2146 modo.

677 2174 746 2223 s³
