1527 2807
422 285 931 318 11110101.
1152 277 1228 316 169

125 394 183 434 Ac
202 391 304 431 tardo
324 388 462 439 gressu,
485 396 523 426 et
542 387 653 435 longe
677 383 760 434 post
781 391 879 430 terga
903 381 1060 420 relictus.

125 463 219 501 Nam
240 472 343 510 quem
360 467 434 507 ego
455 464 490 496 te
510 467 708 493 memorem
725 483 737 501 ,
766 455 950 502 egregium
974 451 1093 501 magui
1115 458 1228 499 genus

333 527 467 566 Heinsi
484 556 494 572 ,

127 599 195 637 Cui
228 599 319 635 Iove
348 606 424 633 nata
453 595 551 634 dedit
577 595 719 633 cunctis
750 593 935 632 excellere
959 591 1072 630 Pallas

126 669 274 710 Rebus,
305 675 342 704 et
362 666 537 704 illustrem
558 664 747 715 praeclara
777 660 935 699 reddidit
957 667 1049 697 arte.

125 738 228 787 Ipsae
257 737 428 775 Phoebea
457 736 524 773 tibi
556 741 705 772 nectunt
733 741 898 780 tempora
925 729 1028 766 lauro

126 802 314 852 Pierides,
345 812 462 842 tecum
484 816 569 853 quas
595 799 710 840 duxsti
732 801 919 838 Helicone
943 797 1079 834 relicto

127 875 172 912 In
197 871 347 919 Belgas,
377 872 439 909 ubi
461 872 583 910 iuffisti
606 870 764 908 habitare
785 869 975 906 volentes.

128 941 228 994 Quid
251 938 407 977 referam
431 939 609 987 insignes,
638 949 728 986 quos
750 939 887 987 promis
907 934 1086 983 Apolline
1109 931 1240 972 dextro

128 1010 277 1057 Ingenii
301 1007 445 1053 foetus,
473 1008 592 1046 min10
615 1006 799 1055 cedroque
823 1005 992 1043 linendos
1008 1003 1027 1041 2

128 1078 334 1123 Mirantur,
366 1076 572 1126 cupideque
593 1075 722 1124 legunt
746 1085 804 1119 tua
826 1075 956 1124 scripta
976 1074 1166 1118 Britanni,

128 1145 275 1200 Quique
296 1147 423 1184 bibunt
436 1143 575 1184 Ararim
593 1144 714 1190 docti,
730 1146 989 1193 Rhenumque,
1020 1143 1241 1192 Padumque.

129 1220 221 1271 Quis
245 1216 336 1261 tibi,
363 1216 440 1264 quis
462 1215 588 1265 dignas
611 1215 799 1264 persolvet
819 1224 969 1253 munere
998 1222 1098 1251 tanto

130 1290 286 1333 Grates,
316 1283 414 1333 quod
433 1284 522 1322 diris
553 1283 739 1322 Nasonem
768 1294 789 1320 e
812 1281 974 1320 faucibus
997 1281 1091 1320 Orci

131 1355 330 1402 Ereptum,
363 1363 383 1390 e
403 1353 564 1391 tenebris
590 1354 628 1390 in
648 1353 744 1390 clara
764 1350 845 1389 luce
875 1351 1019 1390 locasti.

130 1424 242 1462 lllum
269 1420 454 1460 infelicem
481 1417 646 1461 foedarat
667 1421 825 1459 vulnere
845 1419 961 1458 multo

132 1493 315 1542 Turpiter
328 1516 341 1536 ‚
363 1497 399 1527 et
419 1488 534 1528 sacros
557 1488 691 1532 dudum
710 1490 914 1528 violaverat
933 1496 1028 1527 artus

133 1563 265 1610 Longa
284 1561 361 1598 dies
382 1558 566 1607 audaxque
587 1569 723 1604 manus;
754 1558 851 1607 (ceu
879 1558 1078 1598 Maenades
1098 1559 1190 1598 olim

133 1629 352 1668 Threicium
371 1636 491 1666 vatem
512 1624 712 1678 laniarunt,
743 1625 898 1669 carmine
917 1638 1071 1676 quercus

131 1698 340 1737 Ducentem
363 1706 467 1746 atque
490 1695 631 1744 feras.)
662 1698 747 1736 Nec
771 1697 838 1734 iam
859 1697 964 1746 super
986 1697 1060 1734 ulla
1086 1695 1206 1734 salutis

131 1769 222 1817 Spes
243 1766 398 1812 misero,
427 1766 635 1814 clarumque
661 1775 768 1815 caput
789 1777 865 1804 nox
894 1775 966 1804 atra
990 1765 1178 1814 premebat
1187 1777 1198 1810 ς

135 1841 227 1875 Cum
248 1846 286 1875 tu
301 1865 313 1886 ‚
346 1835 463 1875 divini
485 1835 672 1884 perculsus
696 1845 819 1873 amore
835 1837 988 1884 poetae,

135 1907 225 1950 Arte
247 1907 364 1947 virum
393 1905 498 1943 docta
518 1914 554 1943 et
576 1904 761 1943 Musarum
783 1907 930 1942 numine
951 1901 1066 1941 fretus

133 1979 179 2017 In
201 1978 306 2014 vitam
331 1983 367 2012 et
387 1975 457 2013 dias
484 1975 663 2015 revocasti
687 1972 830 2011 luminis
853 1985 954 2018 oras,

134 2045 209 2083 Vix
229 2056 338 2082 unum
360 2045 486 2094 pulcro
510 2044 680 2093 linquens
706 2044 742 2080 in
763 2053 922 2092 corpore
947 2053 1114 2080 naevum.

136 2114 241 2160 Haud
264 2115 362 2155 secus
381 2125 560 2165 ac‚curru
579 2111 756 2158 effusum,
785 2112 1008 2164 sparsumque
1035 2123 1100 2161 per
1123 2122 1253 2175 agrosr

652 2194 683 2219 m
715 2193 731 2230 5
