1527 2807
329 303 965 339 *tzt-GxAc-Ao
1150 312 1226 352 503

89 407 375 452 Forfitanalter
403 405 530 450 adest,
559 406 645 455 qui,
674 414 789 444 tactus
818 408 980 457 imagine
1010 410 1177 459 formae,

143 480 259 518 Ardet
289 480 325 518 in
355 477 548 527 amplexus
581 480 637 515 ire
656 505 666 522 ‚
696 475 843 526 puelia,
875 488 973 515 tuor.

88 549 255 590 Forsitan
283 548 440 589 infando
468 556 548 585 mea
578 547 732 595 surripit
761 546 885 584 oscula
913 547 1038 596 furto,

146 619 283 657 Oscula
310 629 378 668 per
408 617 588 656 tumidum
617 616 681 655 vel
712 627 810 655 mare
839 617 946 666 digna
976 623 1067 669 peti.

83 685 162 726 Hei
196 687 311 729 mibi!
340 686 366 725 fi
395 687 534 725 teneris
563 687 764 725 committit
793 686 890 725 labra
920 691 1094 741 labellis,

139 757 187 795 Et
218 758 341 807 rigido
369 765 483 797 tentat
513 755 625 796 dente
654 766 786 796 notare
811 769 936 806 genas.

84 826 180 879 Quis
211 827 299 876 stit,
331 839 404 875 an,
434 829 473 866 in
503 828 631 866 bibuli
659 835 781 867 tecum
809 827 892 865 dum
924 827 1014 866 ludit
1043 830 1176 877 areni,

140 896 361 936 Sollicitare
392 897 502 938 fidem
531 909 611 938 non
643 907 823 937 vereatur
850 909 989 937 amans.

84 966 183 1020 Quis
212 966 345 1006 melitis
376 967 506 1014 fallat,
529 969 711 1018 lacrymae
740 968 798 1006 sua
829 970 942 1021 verba
965 967 1182 1016 sequuntuu

132 1037 190 1075 *Et*
211 1038 376 1086 gemitus
405 1036 612 1089 (superii)
641 1040 745 1078 tollit
771 1038 814 1076 ad
843 1036 932 1074 astra
960 1048 1107 1085 graves.

82 1106 206 1146 fallar
235 1114 269 1145 at
296 1118 321 1146 o
352 1107 512 1146 utinamt
547 1109 644 1144 curis
674 1108 828 1155 agitatus
857 1106 1026 1156 iniquis;

68 1186 79 1195 ⁸
140 1179 305 1227 Tuque,
332 1177 420 1216 licet
447 1178 618 1221 timeam,
647 1184 820 1225 prompta
847 1179 971 1217 redire
997 1180 1119 1218 velis!

83 1245 198 1286 Adde
217 1273 230 1292 ,
259 1245 362 1295 quod
396 1246 536 1283 ardenti
569 1254 760 1283 torrentur
790 1256 954 1295 corpora
984 1252 1140 1293 morbo;

140 1316 355 1354 Doctorum
385 1314 527 1352 medica
557 1312 642 1360 pins
673 1315 771 1353 valet
802 1326 882 1354 arte
905 1317 1034 1356 febris.

82 1384 218 1424 Pallor
249 1385 288 1422 in
313 1393 380 1420 ore
400 1393 486 1419 meo
508 1383 584 1425 est.
615 1386 783 1431 quamvis
803 1387 911 1425 color
929 1396 1028 1436 aptus
1051 1389 1207 1434 amanti;

139 1453 222 1494 Ah!
251 1454 385 1493 videor
413 1444 511 1490 vena
541 1453 610 1489 iam
640 1452 808 1503 fugiente
838 1458 951 1495 mori.

84 1526 149 1566 Tu
179 1526 256 1564 sola
289 1527 506 1562 innumeros
533 1523 674 1571 poteris
707 1524 829 1565 lenire
857 1526 1013 1563 dolores
1035 1553 1048 1575 ,

138 1596 187 1635 Et
215 1596 325 1633 vitam
355 1594 496 1632 misero
527 1590 711 1637 reddere,
744 1604 853 1640 cara,
882 1596 989 1632 mihi.

85 1666 240 1708 Scilicet
267 1665 320 1704 est
349 1663 486 1711 aliquid
517 1661 691 1698 dominae
724 1663 955 1710 requiescere
987 1663 1024 1699 in
1055 1661 1173 1710 ulnis,

140 1738 186 1776 Et
212 1737 300 1775 dare
331 1732 529 1786 purpureis
560 1730 680 1767 oscula
712 1731 834 1768 iuncta
864 1734 989 1779 genis.

84 1804 142 1844 Vt
169 1805 276 1849 τοῖα,
302 1804 486 1843 Phoebeo
515 1808 640 1848 prope
670 1798 738 1835 iam
769 1800 958 1838 combusta
985 1800 1139 1849 calore,

141 1875 308 1921 Rursus,
344 1873 445 1920 aquis
473 1869 626 1906 coelum
656 1879 737 1906 cum
766 1870 861 1918 rigat
887 1881 995 1916 arva,
1026 1872 1159 1909 rubet:

87 1941 151 1982 Sic
179 1941 293 1985 mibi,
323 1941 384 1988 qui
414 1939 547 1977 mortis
576 1937 704 1976 medio
734 1938 770 1975 in
802 1939 1018 1979 discrimine
1050 1942 1203 1986 versor,

141 2010 213 2048 Per
238 2019 297 2055 te,
332 2008 357 2045 fi
387 2007 532 2053 redeas,
563 2006 705 2046 reddita
734 2009 809 2047 vita
834 2007 948 2050 foret.

70 2079 127 2120 «si
159 2087 307 2122 tamen,
338 2089 363 2116 0
394 2079 527 2126 virgo,
558 2078 625 2115 tibi
659 2079 740 2116 sunt
768 2078 915 2117 oblivm
945 2081 1090 2128 nostri,

142 2149 322 2188 Annuere
349 2156 386 2187 et
416 2148 515 2187 votis
542 2156 623 2187 non
651 2147 746 2194 tibi,
780 2148 893 2197 dura,
923 2147 1061 2197 placen

660 2217 713 2254 kk
741 2227 768 2266 4
