1527 2807
400 309 476 351 246

744 309 1172 349 11:101ss

586 408 738 460 Templi
755 411 899 461 pandite
919 412 1041 452 ianuas
1055 442 1065 458 ‚

580 481 734 519 Pandite
748 509 758 525 ‚
787 481 858 518 huc
879 482 1010 522 aditum
1033 489 1152 534 param

583 551 639 589 En
657 579 666 593 .
695 549 840 593 viden‘,
866 553 1023 601 gladium
1044 555 1164 603 gerit,

586 620 635 657 Er
656 619 747 668 quae
766 622 925 668 praemia
945 621 1121 671 dextera?

640 689 819 736 Prodens,
851 690 945 727 bona
969 693 1083 731 turba.

583 759 679 797 Nam
694 787 702 802 ‚
724 758 864 807 qualem
890 759 1107 806 Cinyreium

583 827 695 865 Fovit
718 828 858 866 deliciis
876 828 1000 865 Venus
1020 842 1030 873 ;
1080 828 1086 831 ’

584 896 694 947 Quali
714 909 780 946 per
803 899 972 935 tenebras
1001 897 1080 936 Dea

584 966 721 1005 Furtim
744 965 832 1002 nasia
856 965 1016 1004 contulit

622 1034 780 1073 Latmias
803 1045 922 1085 prope
948 1045 1083 1084 rupes:

582 1103 711 1143 Talem
726 1132 736 1148 ,
767 1105 826 1153 qui
850 1104 952 1142 velut
972 1104 1103 1144 emicat

581 1175 685 1212 Inter
709 1170 819 1208 fidcra
846 1172 1027 1220 Cynthia,

578 1242 673 1279 Iuris
696 1240 848 1287 legitimi
871 1241 1027 1279 Themis

580 1308 789 1346 Doctorem
810 1306 916 1349 facit:
945 1319 970 1345 o
994 1309 1093 1354 Dei,
1136 1341 1144 1344 -

631 1377 852 1427 Prosperum
876 1376 959 1414 date
981 1375 1144 1416 fulmen!

574 1446 712 1495 Aspice
728 1476 737 1489 ,
770 1454 807 1484 ut
828 1447 955 1484 Petrus
979 1449 1098 1488 enitet

574 1515 719 1553 Mentis
740 1516 880 1554 viribus
901 1516 1051 1563 igneae!

571 1585 692 1637 Quam
714 1584 907 1621 volentius
927 1584 1047 1622 audias

567 1654 693 1692 Melle
714 1654 810 1692 labra
828 1653 1006 1691 madentia
1020 1681 1032 1700 ,

621 1725 760 1763 Suadae
785 1722 894 1760 melle
917 1723 1086 1762 Latinae!
1119 1751 1123 1757 .
1186 1733 1189 1737 ·
1223 1734 1244 1738 ·’

565 1793 626 1831 Sic
645 1790 777 1832 bland&
806 1791 938 1831 rubet,
958 1791 1117 1830 hortulis

566 1862 678 1899 Enata
712 1863 834 1901 Idaliis
851 1889 860 1905 ,
883 1860 959 1897 rosa
975 1890 987 1908 ‚
1032 1863 1035 1867 '

563 1932 682 1983 Quam
703 1943 822 1970 verno
843 1932 923 1969 Dea
939 1939 1110 1981 tempore

561 1999 722 2039 Afflavit
745 2001 940 2050 Cythereia

613 2069 740 2107 Suavis
761 2078 904 2108 nectare
925 2071 1033 2109 succi.

562 2138 625 2177 Sic
651 2138 843 2178 Pallantias
873 2150 1019 2180 aureum
