<?xml version="1.0" encoding="UTF-8"?>
<!DOCTYPE html PUBLIC "-//W3C//DTD XHTML 1.0 Transitional//EN"
    "http://www.w3.org/TR/xhtml1/DTD/xhtml1-transitional.dtd">
<html xmlns="http://www.w3.org/1999/xhtml" xml:lang="en" lang="en">
 <head>
  <title>
</title>
<meta http-equiv="Content-Type" content="text/html;charset=utf-8" />
  <meta name='ocr-system' content='tesseract 3.04.00' />
  <meta name='ocr-capabilities' content='ocr_page ocr_carea ocr_par ocr_line ocrx_word'/>
</head>
<body>
  <div class='ocr_page' id='page_1' title='image "./carmina00santuoft_0697.png"; bbox 0 0 1527 2807; ppageno 0'>
   <div class='ocr_carea' id='block_1_1' title="bbox 350 287 1216 336">
    <p class='ocr_par' dir='ltr' id='par_1_1' title="bbox 350 287 1216 336">
     <span class='ocr_line' id='line_1_1' title="bbox 350 287 1216 336; baseline 0.003 -18"><span class='ocrx_word' id='word_1_1' title='bbox 350 287 945 318; x_wconf 70' lang='grc' dir='ltr'><strong><em>ειεοιιοι.</em></strong></span> <span class='ocrx_word' id='word_1_2' title='bbox 1134 297 1216 336; x_wconf 76' lang='lat'>443</span> 
     </span>
    </p>
   </div>
   <div class='ocr_carea' id='block_1_2' title="bbox 0 385 1211 2177">
    <p class='ocr_par' dir='ltr' id='par_1_2' title="bbox 80 385 1121 504">
     <span class='ocr_line' id='line_1_2' title="bbox 80 385 1121 438; baseline -0.002 -6"><span class='ocrx_word' id='word_1_3' title='bbox 80 392 174 432; x_wconf 78' lang='lat' dir='ltr'>Non</span> <span class='ocrx_word' id='word_1_4' title='bbox 204 390 252 429; x_wconf 81' lang='lat' dir='ltr'>ita</span> <span class='ocrx_word' id='word_1_5' title='bbox 283 390 460 430; x_wconf 84' lang='lat' dir='ltr'>luxerunt</span> <span class='ocrx_word' id='word_1_6' title='bbox 489 385 646 425; x_wconf 83' lang='lat' dir='ltr'>miserae</span> <span class='ocrx_word' id='word_1_7' title='bbox 675 385 914 426; x_wconf 69' lang='lat' dir='ltr'>Phaethonta</span> <span class='ocrx_word' id='word_1_8' title='bbox 945 388 1121 438; x_wconf 79' lang='lat' dir='ltr'>sororeS,</span> 
     </span>
     <span class='ocr_line' id='line_1_3' title="bbox 137 453 1000 504; baseline -0.002 -6"><span class='ocrx_word' id='word_1_9' title='bbox 137 460 361 498; x_wconf 83' lang='lat' dir='ltr'>Demersurn</span> <span class='ocrx_word' id='word_1_10' title='bbox 389 453 542 496; x_wconf 85' lang='lat' dir='ltr'>Eridani</span> <span class='ocrx_word' id='word_1_11' title='bbox 572 453 733 493; x_wconf 82' lang='lat' dir='ltr'><strong>fulmine</strong></span> <span class='ocrx_word' id='word_1_12' title='bbox 762 457 1000 504; x_wconf 83' lang='lat' dir='ltr'>vorticibus;</span> 
     </span>
    </p>

    <p class='ocr_par' dir='ltr' id='par_1_3' title="bbox 78 524 1147 649">
     <span class='ocr_line' id='line_1_4' title="bbox 78 524 1147 579; baseline 0.001 -9"><span class='ocrx_word' id='word_1_13' title='bbox 78 530 166 570; x_wconf 84' lang='lat' dir='ltr'>Nec</span> <span class='ocrx_word' id='word_1_14' title='bbox 197 530 284 575; x_wconf 80' lang='lat' dir='ltr'>tali,</span> <span class='ocrx_word' id='word_1_15' title='bbox 314 527 548 577; x_wconf 80' lang='lat' dir='ltr'>ingeminans</span> <span class='ocrx_word' id='word_1_16' title='bbox 577 531 724 574; x_wconf 86' lang='lat' dir='ltr'>raptum</span> <span class='ocrx_word' id='word_1_17' title='bbox 755 524 878 575; x_wconf 79' lang='lat' dir='ltr'><strong>Ceyca</strong></span> <span class='ocrx_word' id='word_1_18' title='bbox 906 540 976 578; x_wconf 88' lang='lat' dir='ltr'>per</span> <span class='ocrx_word' id='word_1_19' title='bbox 1008 531 1147 579; x_wconf 82' lang='lat' dir='ltr'>undas.</span> 
     </span>
     <span class='ocr_line' id='line_1_5' title="bbox 134 593 975 649; baseline 0 -11"><span class='ocrx_word' id='word_1_20' title='bbox 134 600 331 649; x_wconf 84' lang='lat' dir='ltr'>Halcyone</span> <span class='ocrx_word' id='word_1_21' title='bbox 362 597 503 635; x_wconf 84' lang='lat' dir='ltr'>luctum</span> <span class='ocrx_word' id='word_1_22' title='bbox 532 596 695 632; x_wconf 80' lang='lat' dir='ltr'><strong>carmine</strong></span> <span class='ocrx_word' id='word_1_23' title='bbox 723 593 975 645; x_wconf 86' lang='lat' dir='ltr'>deproperat:</span> 
     </span>
    </p>

    <p class='ocr_par' dir='ltr' id='par_1_4' title="bbox 76 665 1211 785">
     <span class='ocr_line' id='line_1_6' title="bbox 76 665 1211 720; baseline 0.005 -14"><span class='ocrx_word' id='word_1_24' title='bbox 76 667 161 707; x_wconf 74' lang='lat' dir='ltr'>Ah!</span> <span class='ocrx_word' id='word_1_25' title='bbox 191 667 300 716; x_wconf 87' lang='lat' dir='ltr'>quale</span> <span class='ocrx_word' id='word_1_26' title='bbox 331 669 372 706; x_wconf 88' lang='lat' dir='ltr'>in</span> <span class='ocrx_word' id='word_1_27' title='bbox 403 666 538 703; x_wconf 85' lang='lat' dir='ltr'>nostris</span> <span class='ocrx_word' id='word_1_28' title='bbox 567 665 710 706; x_wconf 69' lang='lat' dir='ltr'>circum</span> <span class='ocrx_word' id='word_1_29' title='bbox 737 666 901 716; x_wconf 88' lang='lat' dir='ltr'>undique</span> <span class='ocrx_word' id='word_1_30' title='bbox 923 669 1114 720; x_wconf 83' lang='lat' dir='ltr'>plangitur</span> <span class='ocrx_word' id='word_1_31' title='bbox 1134 669 1211 716; x_wconf 74' lang='lat' dir='ltr'>orie</span> 
     </span>
     <span class='ocr_line' id='line_1_7' title="bbox 135 733 912 785; baseline 0 -11"><span class='ocrx_word' id='word_1_32' title='bbox 135 736 293 775; x_wconf 82' lang='lat' dir='ltr'>Carmen</span> <span class='ocrx_word' id='word_1_33' title='bbox 322 733 486 775; x_wconf 67' lang='lat' dir='ltr'>inaudita</span> <span class='ocrx_word' id='word_1_34' title='bbox 514 734 671 785; x_wconf 86' lang='lat' dir='ltr'>lugubre</span> <span class='ocrx_word' id='word_1_35' title='bbox 698 736 912 784; x_wconf 63' lang='lat' dir='ltr'>moestiti23</span> 
     </span>
    </p>

    <p class='ocr_par' dir='ltr' id='par_1_5' title="bbox 73 805 1098 928">
     <span class='ocr_line' id='line_1_8' title="bbox 73 805 1098 858; baseline 0.004 -12"><span class='ocrx_word' id='word_1_36' title='bbox 73 805 149 847; x_wconf 83' lang='lat' dir='ltr'>Aut</span> <span class='ocrx_word' id='word_1_37' title='bbox 178 807 278 858; x_wconf 83' lang='lat' dir='ltr'>quali</span> <span class='ocrx_word' id='word_1_38' title='bbox 306 809 345 845; x_wconf 88' lang='lat' dir='ltr'>in</span> <span class='ocrx_word' id='word_1_39' title='bbox 378 807 556 855; x_wconf 81' lang='lat' dir='ltr'>lacrymas</span> <span class='ocrx_word' id='word_1_40' title='bbox 585 807 661 845; x_wconf 82' lang='lat' dir='ltr'>ruit</span> <span class='ocrx_word' id='word_1_41' title='bbox 689 808 829 857; x_wconf 87' lang='lat' dir='ltr'>impete</span> <span class='ocrx_word' id='word_1_42' title='bbox 852 806 1098 850; x_wconf 82' lang='lat' dir='ltr'>lamentorum</span> 
     </span>
     <span class='ocr_line' id='line_1_9' title="bbox 118 874 938 928; baseline 0 -14"><span class='ocrx_word' id='word_1_43' title='bbox 118 876 273 928; x_wconf 26' lang='lat' dir='ltr'>*Pallida</span> <span class='ocrx_word' id='word_1_44' title='bbox 303 877 348 914; x_wconf 85' lang='lat' dir='ltr'>ab</span> <span class='ocrx_word' id='word_1_45' title='bbox 379 875 531 913; x_wconf 87' lang='lat' dir='ltr'>inflictis</span> <span class='ocrx_word' id='word_1_46' title='bbox 560 874 675 914; x_wconf 85' lang='lat' dir='ltr'>Frifia</span> <span class='ocrx_word' id='word_1_47' title='bbox 706 874 938 914; x_wconf 79' lang='lat' dir='ltr'>vulneribus.</span> 
     </span>
    </p>

    <p class='ocr_par' dir='ltr' id='par_1_6' title="bbox 68 946 1046 1066">
     <span class='ocr_line' id='line_1_10' title="bbox 68 946 1046 995; baseline 0.001 -10"><span class='ocrx_word' id='word_1_48' title='bbox 68 946 171 994; x_wconf 91' lang='lat' dir='ltr'>Illa,</span> <span class='ocrx_word' id='word_1_49' title='bbox 199 947 320 985; x_wconf 89' lang='lat' dir='ltr'>soluta</span> <span class='ocrx_word' id='word_1_50' title='bbox 349 956 470 984; x_wconf 86' lang='lat' dir='ltr'>comas</span> <span class='ocrx_word' id='word_1_51' title='bbox 500 954 539 984; x_wconf 89' lang='lat' dir='ltr'>et</span> <span class='ocrx_word' id='word_1_52' title='bbox 567 946 679 995; x_wconf 84' lang='lat' dir='ltr'>nigro</span> <span class='ocrx_word' id='word_1_53' title='bbox 709 946 875 995; x_wconf 86' lang='lat' dir='ltr'>tegmine</span> <span class='ocrx_word' id='word_1_54' title='bbox 903 946 1046 995; x_wconf 82' lang='lat' dir='ltr'>cincta,</span> 
     </span>
     <span class='ocr_line' id='line_1_11' title="bbox 125 1013 908 1066; baseline -0.005 -10"><span class='ocrx_word' id='word_1_55' title='bbox 125 1018 179 1056; x_wconf 87' lang='lat' dir='ltr'>Vt</span> <span class='ocrx_word' id='word_1_56' title='bbox 208 1017 310 1056; x_wconf 80' lang='lat' dir='ltr'>stetit</span> <span class='ocrx_word' id='word_1_57' title='bbox 339 1015 384 1054; x_wconf 83' lang='lat' dir='ltr'>ad</span> <span class='ocrx_word' id='word_1_58' title='bbox 411 1014 532 1066; x_wconf 85' lang='lat' dir='ltr'>pullas</span> <span class='ocrx_word' id='word_1_59' title='bbox 561 1014 703 1053; x_wconf 85' lang='lat' dir='ltr'>tristior</span> <span class='ocrx_word' id='word_1_60' title='bbox 729 1013 908 1063; x_wconf 83' lang='lat' dir='ltr'>inferias,</span> 
     </span>
    </p>

    <p class='ocr_par' dir='ltr' id='par_1_7' title="bbox 0 1070 1144 1136">
     <span class='ocr_line' id='line_1_12' title="bbox 0 1070 1144 1136; baseline 0.003 -14"><span class='ocrx_word' id='word_1_61' title='bbox 0 1070 4 1107; x_wconf 42' lang='lat'>⁷·</span> <span class='ocrx_word' id='word_1_62' title='bbox 69 1084 288 1133; x_wconf 85' lang='lat' dir='ltr'>Goslingam</span> <span class='ocrx_word' id='word_1_63' title='bbox 319 1084 508 1130; x_wconf 79' lang='lat' dir='ltr'>inclamat3</span> <span class='ocrx_word' id='word_1_64' title='bbox 536 1084 728 1135; x_wconf 82' lang='lat' dir='ltr'>filvaeque</span> <span class='ocrx_word' id='word_1_65' title='bbox 755 1084 916 1135; x_wconf 77' lang='lat' dir='ltr'>agrique</span> <span class='ocrx_word' id='word_1_66' title='bbox 938 1084 1144 1136; x_wconf 79' lang='lat' dir='ltr'>resultant,</span> 
     </span>
    </p>

    <p class='ocr_par' dir='ltr' id='par_1_8' title="bbox 6 1142 906 1204">
     <span class='ocr_line' id='line_1_13' title="bbox 6 1142 906 1204; baseline 0.001 -10"><span class='ocrx_word' id='word_1_67' title='bbox 6 1142 12 1147; x_wconf 47' lang='grc'><em>’</em></span> <span class='ocrx_word' id='word_1_68' title='bbox 119 1155 169 1194; x_wconf 85' lang='lat' dir='ltr'>Et</span> <span class='ocrx_word' id='word_1_69' title='bbox 199 1161 378 1204; x_wconf 82' lang='lat' dir='ltr'>repetunt</span> <span class='ocrx_word' id='word_1_70' title='bbox 412 1164 527 1193; x_wconf 87' lang='lat' dir='ltr'><strong>voces</strong></span> <span class='ocrx_word' id='word_1_71' title='bbox 559 1153 671 1192; x_wconf 80' lang='lat' dir='ltr'>litora</span> <span class='ocrx_word' id='word_1_72' title='bbox 705 1153 906 1195; x_wconf 76' lang='lat' dir='ltr'>laetificas.</span> 
     </span>
    </p>

    <p class='ocr_par' dir='ltr' id='par_1_9' title="bbox 62 1219 1055 1342">
     <span class='ocr_line' id='line_1_14' title="bbox 62 1219 1055 1275; baseline 0.004 -13"><span class='ocrx_word' id='word_1_73' title='bbox 62 1225 176 1266; x_wconf 86' lang='lat' dir='ltr'>Tunc</span> <span class='ocrx_word' id='word_1_74' title='bbox 209 1225 283 1262; x_wconf 83' lang='lat' dir='ltr'>alt:</span> <span class='ocrx_word' id='word_1_75' title='bbox 305 1235 331 1261; x_wconf 90' lang='lat' dir='ltr'>o</span> <span class='ocrx_word' id='word_1_76' title='bbox 358 1222 517 1262; x_wconf 71' lang='lat' dir='ltr'>multum</span> <span class='ocrx_word' id='word_1_77' title='bbox 543 1224 637 1262; x_wconf 90' lang='lat' dir='ltr'>mihi</span> <span class='ocrx_word' id='word_1_78' title='bbox 661 1219 896 1262; x_wconf 81' lang='lat' dir='ltr'>dilectiffime</span> <span class='ocrx_word' id='word_1_79' title='bbox 925 1226 1055 1275; x_wconf 83' lang='lat' dir='ltr'><strong>cedis,</strong></span> 
     </span>
     <span class='ocr_line' id='line_1_15' title="bbox 121 1292 982 1342; baseline 0.003 -10"><span class='ocrx_word' id='word_1_80' title='bbox 121 1293 376 1342; x_wconf 85' lang='lat' dir='ltr'>Atrocemque</span> <span class='ocrx_word' id='word_1_81' title='bbox 407 1292 537 1330; x_wconf 88' lang='lat' dir='ltr'>animo</span> <span class='ocrx_word' id='word_1_82' title='bbox 568 1292 709 1342; x_wconf 84' lang='lat' dir='ltr'>linquis</span> <span class='ocrx_word' id='word_1_83' title='bbox 744 1293 982 1335; x_wconf 75' lang='lat' dir='ltr'><strong>amaritiem?</strong></span> 
     </span>
    </p>

    <p class='ocr_par' dir='ltr' id='par_1_10' title="bbox 61 1361 1086 1486">
     <span class='ocr_line' id='line_1_16' title="bbox 61 1361 1052 1413; baseline 0.002 -12"><span class='ocrx_word' id='word_1_84' title='bbox 61 1363 123 1401; x_wconf 87' lang='lat' dir='ltr'>Tu</span> <span class='ocrx_word' id='word_1_85' title='bbox 154 1361 288 1411; x_wconf 70' lang='lat' dir='ltr'>fugis?</span> <span class='ocrx_word' id='word_1_86' title='bbox 316 1362 388 1400; x_wconf 84' lang='lat' dir='ltr'>ah!</span> <span class='ocrx_word' id='word_1_87' title='bbox 422 1361 525 1399; x_wconf 86' lang='lat' dir='ltr'>cuius</span> <span class='ocrx_word' id='word_1_88' title='bbox 556 1362 657 1400; x_wconf 82' lang='lat' dir='ltr'>curis</span> <span class='ocrx_word' id='word_1_89' title='bbox 683 1362 877 1410; x_wconf 83' lang='lat' dir='ltr'>tranquilla</span> <span class='ocrx_word' id='word_1_90' title='bbox 898 1365 1052 1413; x_wconf 85' lang='lat' dir='ltr'>quievi,</span> 
     </span>
     <span class='ocr_line' id='line_1_17' title="bbox 114 1429 1086 1486; baseline -0.001 -15"><span class='ocrx_word' id='word_1_91' title='bbox 114 1433 191 1486; x_wconf 85' lang='lat' dir='ltr'>Qui</span> <span class='ocrx_word' id='word_1_92' title='bbox 212 1429 302 1471; x_wconf 81' lang='lat' dir='ltr'>mihi</span> <span class='ocrx_word' id='word_1_93' title='bbox 329 1439 460 1481; x_wconf 88' lang='lat' dir='ltr'>portus</span> <span class='ocrx_word' id='word_1_94' title='bbox 490 1442 596 1477; x_wconf 84' lang='lat' dir='ltr'>eras,</span> <span class='ocrx_word' id='word_1_95' title='bbox 626 1431 692 1481; x_wconf 81' lang='lat' dir='ltr'>qui</span> <span class='ocrx_word' id='word_1_96' title='bbox 724 1431 818 1469; x_wconf 84' lang='lat' dir='ltr'>mihi</span> <span class='ocrx_word' id='word_1_97' title='bbox 848 1431 1086 1479; x_wconf 77' lang='lat' dir='ltr'>praesidium.</span> 
     </span>
    </p>

    <p class='ocr_par' dir='ltr' id='par_1_11' title="bbox 61 1496 1050 1618">
     <span class='ocr_line' id='line_1_18' title="bbox 61 1496 1050 1552; baseline -0.001 -13"><span class='ocrx_word' id='word_1_98' title='bbox 61 1500 122 1539; x_wconf 90' lang='lat' dir='ltr'>Te</span> <span class='ocrx_word' id='word_1_99' title='bbox 156 1501 254 1542; x_wconf 88' lang='lat' dir='ltr'>duce</span> <span class='ocrx_word' id='word_1_100' title='bbox 288 1512 366 1540; x_wconf 87' lang='lat' dir='ltr'>non</span> <span class='ocrx_word' id='word_1_101' title='bbox 393 1500 499 1538; x_wconf 78' lang='lat' dir='ltr'>timui</span> <span class='ocrx_word' id='word_1_102' title='bbox 530 1499 688 1540; x_wconf 85' lang='lat' dir='ltr'>furiatos</span> <span class='ocrx_word' id='word_1_103' title='bbox 722 1496 872 1537; x_wconf 82' lang='lat' dir='ltr'>enfibus</span> <span class='ocrx_word' id='word_1_104' title='bbox 900 1497 1050 1552; x_wconf 83' lang='lat' dir='ltr'>hostes,</span> 
     </span>
     <span class='ocr_line' id='line_1_19' title="bbox 110 1564 916 1618; baseline -0.009 -9"><span class='ocrx_word' id='word_1_105' title='bbox 110 1571 171 1609; x_wconf 91' lang='lat' dir='ltr'>Te</span> <span class='ocrx_word' id='word_1_106' title='bbox 202 1577 288 1608; x_wconf 84' lang='lat' dir='ltr'>mea</span> <span class='ocrx_word' id='word_1_107' title='bbox 319 1569 441 1617; x_wconf 84' lang='lat' dir='ltr'>legato</span> <span class='ocrx_word' id='word_1_108' title='bbox 476 1578 537 1608; x_wconf 84' lang='lat' dir='ltr'>res</span> <span class='ocrx_word' id='word_1_109' title='bbox 568 1569 667 1607; x_wconf 85' lang='lat' dir='ltr'><strong>bene</strong></span> <span class='ocrx_word' id='word_1_110' title='bbox 699 1564 916 1618; x_wconf 82' lang='lat' dir='ltr'>compofita.</span> 
     </span>
    </p>

    <p class='ocr_par' dir='ltr' id='par_1_12' title="bbox 54 1637 1028 1756">
     <span class='ocr_line' id='line_1_20' title="bbox 54 1637 1028 1689; baseline 0 -12"><span class='ocrx_word' id='word_1_111' title='bbox 54 1638 116 1680; x_wconf 87' lang='lat' dir='ltr'>Ah</span> <span class='ocrx_word' id='word_1_112' title='bbox 140 1640 292 1689; x_wconf 87' lang='lat' dir='ltr'>quoties</span> <span class='ocrx_word' id='word_1_113' title='bbox 322 1648 394 1687; x_wconf 89' lang='lat' dir='ltr'>pro</span> <span class='ocrx_word' id='word_1_114' title='bbox 423 1647 483 1675; x_wconf 87' lang='lat' dir='ltr'>me</span> <span class='ocrx_word' id='word_1_115' title='bbox 515 1645 625 1687; x_wconf 87' lang='lat' dir='ltr'>caput</span> <span class='ocrx_word' id='word_1_116' title='bbox 650 1637 844 1677; x_wconf 85' lang='lat' dir='ltr'>obiectare</span> <span class='ocrx_word' id='word_1_117' title='bbox 874 1638 1028 1689; x_wconf 82' lang='lat' dir='ltr'>perich&#39;s</span> 
     </span>
     <span class='ocr_line' id='line_1_21' title="bbox 111 1703 1008 1756; baseline -0.003 -9"><span class='ocrx_word' id='word_1_118' title='bbox 111 1707 228 1747; x_wconf 78' lang='lat' dir='ltr'>Ausus</span> <span class='ocrx_word' id='word_1_119' title='bbox 256 1718 323 1755; x_wconf 83' lang='lat' dir='ltr'>es,</span> <span class='ocrx_word' id='word_1_120' title='bbox 352 1714 394 1745; x_wconf 91' lang='lat' dir='ltr'>et</span> <span class='ocrx_word' id='word_1_121' title='bbox 419 1703 551 1744; x_wconf 81' lang='lat' dir='ltr'>fluctus</span> <span class='ocrx_word' id='word_1_122' title='bbox 578 1706 758 1756; x_wconf 86' lang='lat' dir='ltr'><strong>spernere</strong></span> <span class='ocrx_word' id='word_1_123' title='bbox 794 1708 1008 1748; x_wconf 73' lang='lat' dir='ltr'>terribiles!</span> 
     </span>
    </p>

    <p class='ocr_par' dir='ltr' id='par_1_13' title="bbox 52 1773 1136 1896">
     <span class='ocr_line' id='line_1_22' title="bbox 52 1773 974 1828; baseline -0.007 -8"><span class='ocrx_word' id='word_1_124' title='bbox 52 1780 102 1820; x_wconf 86' lang='lat' dir='ltr'>Et</span> <span class='ocrx_word' id='word_1_125' title='bbox 128 1779 275 1828; x_wconf 84' lang='lat' dir='ltr'>quoties</span> <span class='ocrx_word' id='word_1_126' title='bbox 304 1776 372 1815; x_wconf 87' lang='lat' dir='ltr'>tibi</span> <span class='ocrx_word' id='word_1_127' title='bbox 402 1773 578 1815; x_wconf 87' lang='lat' dir='ltr'>sollicitis</span> <span class='ocrx_word' id='word_1_128' title='bbox 609 1775 649 1813; x_wconf 89' lang='lat' dir='ltr'>in</span> <span class='ocrx_word' id='word_1_129' title='bbox 678 1775 792 1813; x_wconf 86' lang='lat' dir='ltr'>rebus</span> <span class='ocrx_word' id='word_1_130' title='bbox 823 1776 974 1814; x_wconf 81' lang='lat' dir='ltr'>amicam</span> 
     </span>
     <span class='ocr_line' id='line_1_23' title="bbox 103 1843 1136 1896; baseline -0.002 -9"><span class='ocrx_word' id='word_1_131' title='bbox 103 1848 243 1887; x_wconf 87' lang='lat' dir='ltr'>Debeo</span> <span class='ocrx_word' id='word_1_132' title='bbox 272 1855 408 1896; x_wconf 86' lang='lat' dir='ltr'>opem,</span> <span class='ocrx_word' id='word_1_133' title='bbox 438 1852 475 1882; x_wconf 86' lang='lat' dir='ltr'>et</span> <span class='ocrx_word' id='word_1_134' title='bbox 503 1844 678 1894; x_wconf 87' lang='lat' dir='ltr'>praesens</span> <span class='ocrx_word' id='word_1_135' title='bbox 707 1844 906 1883; x_wconf 79' lang='lat' dir='ltr'>confilium</span> <span class='ocrx_word' id='word_1_136' title='bbox 929 1847 970 1882; x_wconf 87' lang='lat' dir='ltr'>in</span> <span class='ocrx_word' id='word_1_137' title='bbox 991 1843 1136 1886; x_wconf 79' lang='lat' dir='ltr'>dubiis!</span> 
     </span>
    </p>

    <p class='ocr_par' dir='ltr' id='par_1_14' title="bbox 53 1913 1105 2040">
     <span class='ocr_line' id='line_1_24' title="bbox 53 1913 1105 1967; baseline -0.004 -8"><span class='ocrx_word' id='word_1_138' title='bbox 53 1919 126 1959; x_wconf 89' lang='lat' dir='ltr'>Me</span> <span class='ocrx_word' id='word_1_139' title='bbox 155 1917 349 1955; x_wconf 80' lang='lat' dir='ltr'>miseram!</span> <span class='ocrx_word' id='word_1_140' title='bbox 380 1925 455 1964; x_wconf 86' lang='lat' dir='ltr'>quo</span> <span class='ocrx_word' id='word_1_141' title='bbox 485 1925 653 1952; x_wconf 86' lang='lat' dir='ltr'>curarum</span> <span class='ocrx_word' id='word_1_142' title='bbox 682 1925 783 1953; x_wconf 89' lang='lat' dir='ltr'>nunc</span> <span class='ocrx_word' id='word_1_143' title='bbox 811 1913 952 1952; x_wconf 88' lang='lat' dir='ltr'>obruor</span> <span class='ocrx_word' id='word_1_144' title='bbox 981 1915 1105 1967; x_wconf 83' lang='lat' dir='ltr'>aestu,</span> 
     </span>
     <span class='ocr_line' id='line_1_25' title="bbox 105 1983 1037 2040; baseline 0.001 -16"><span class='ocrx_word' id='word_1_145' title='bbox 105 1984 301 2040; x_wconf 57' lang='lat' dir='ltr'>Quamque</span> <span class='ocrx_word' id='word_1_146' title='bbox 330 1984 442 2022; x_wconf 82' lang='lat' dir='ltr'>animi</span> <span class='ocrx_word' id='word_1_147' title='bbox 473 1984 612 2023; x_wconf 84' lang='lat' dir='ltr'>cunctis</span> <span class='ocrx_word' id='word_1_148' title='bbox 642 1983 806 2022; x_wconf 85' lang='lat' dir='ltr'>senfibus</span> <span class='ocrx_word' id='word_1_149' title='bbox 836 1985 1037 2036; x_wconf 77' lang='lat' dir='ltr'>obstupui!</span> 
     </span>
    </p>

    <p class='ocr_par' dir='ltr' id='par_1_15' title="bbox 50 2049 1122 2177">
     <span class='ocr_line' id='line_1_26' title="bbox 50 2049 1122 2107; baseline 0.003 -13"><span class='ocrx_word' id='word_1_150' title='bbox 50 2055 126 2099; x_wconf 83' lang='lat' dir='ltr'>Ille</span> <span class='ocrx_word' id='word_1_151' title='bbox 146 2049 268 2101; x_wconf 83' lang='lat' dir='ltr'>cadit,</span> <span class='ocrx_word' id='word_1_152' title='bbox 293 2051 389 2090; x_wconf 81' lang='lat' dir='ltr'>cadit</span> <span class='ocrx_word' id='word_1_153' title='bbox 409 2053 502 2100; x_wconf 89' lang='lat' dir='ltr'>iste;</span> <span class='ocrx_word' id='word_1_154' title='bbox 523 2063 691 2103; x_wconf 90' lang='lat' dir='ltr'>coquunt</span> <span class='ocrx_word' id='word_1_155' title='bbox 709 2065 789 2093; x_wconf 84' lang='lat' dir='ltr'>mea</span> <span class='ocrx_word' id='word_1_156' title='bbox 808 2055 923 2094; x_wconf 83' lang='lat' dir='ltr'>corda</span> <span class='ocrx_word' id='word_1_157' title='bbox 942 2055 1122 2107; x_wconf 80' lang='lat' dir='ltr'>dolores,</span> 
     </span>
     <span class='ocr_line' id='line_1_27' title="bbox 107 2122 935 2177; baseline 0.004 -14"><span class='ocrx_word' id='word_1_158' title='bbox 107 2124 243 2169; x_wconf 76' lang='lat' dir='ltr'>Addita</span> <span class='ocrx_word' id='word_1_159' title='bbox 272 2134 382 2177; x_wconf 86' lang='lat' dir='ltr'>quum</span> <span class='ocrx_word' id='word_1_160' title='bbox 414 2135 535 2165; x_wconf 88' lang='lat' dir='ltr'>cerno</span> <span class='ocrx_word' id='word_1_161' title='bbox 564 2122 697 2165; x_wconf 85' lang='lat' dir='ltr'>funera</span> <span class='ocrx_word' id='word_1_162' title='bbox 727 2125 935 2166; x_wconf 72' lang='lat' dir='ltr'>funeribus.</span> 
     </span>
    </p>
   </div>
   <div class='ocr_carea' id='block_1_3' title="bbox 1466 0 1527 2807">
    <p class='ocr_par' dir='ltr' id='par_1_16' title="bbox 1466 0 1527 2807">
     <span class='ocr_line' id='line_1_28' title="bbox 1466 0 1527 2807; baseline 0 0"><span class='ocrx_word' id='word_1_163' title='bbox 1466 0 1527 2807; x_wconf 95' lang='lat' dir='ltr'> </span> 
     </span>
    </p>
   </div>
  </div>
 </body>
</html>
