1527 2807
361 243 410 284 γ»
724 244 1107 275 DELICIAE

359 345 422 385 Ah
442 343 533 383 mihi
547 375 558 393 ‚
588 355 636 383 ne
657 350 757 383 tanto
780 345 1002 396 supereffern
1020 345 1154 396 praeda
1177 346 1332 395 dolori,

410 416 522 453 Mors
542 421 686 463 poteras
708 409 826 451 avidas
849 415 1006 461 inficere
1029 423 1104 452 atra
1125 418 1269 454 manus!

357 483 473 522 Nunc
486 511 497 528 ,
518 481 591 520 heu
615 493 673 520 me
695 481 876 520 miserum!
896 483 1063 532 lacrymis
1079 494 1302 533 corrumpor
1314 484 1441 522 amarIs
1453 512 1467 531 ,

416 550 701 600 Conficiuntque
719 552 875 590 animum
899 563 984 589 cura
1007 551 1194 601 dolorque
1213 562 1349 590 meum.

356 621 443 660 Nec
462 619 607 671 possum
630 619 815 669 lacrymis,
847 631 919 658 nec
939 620 1080 670 poffum
1102 620 1256 658 fletibus
1281 619 1366 658 ullis
1379 646 1395 668 n

415 690 502 728 Lux
525 701 626 737 mea,
657 690 700 727 ab
723 688 883 726 obscuris
907 697 944 726 te
969 699 1149 727 revocare
1173 688 1306 740 plagis.

356 758 434 799 Stat
459 759 594 809 fixum,
623 759 913 806 immotumque,
944 764 981 796 et
1003 756 1240 797 inexorabile
1261 760 1410 807 Fatum,

409 829 458 868 Et
476 827 595 867 solido
616 828 787 874 obseptae
810 825 898 862 stant
918 824 1102 864 adamante
1124 826 1222 865 viae.

355 897 534 936 lncass‘um
555 897 734 946 gemitus,
765 895 937 933 incassum
961 896 1123 934 carmina
1145 894 1287 946 fundo,

410 965 680 1014 Diripiantque
702 975 796 1002 meas
820 973 971 1011 ventus,
1002 973 1041 1002 et
1062 964 1180 1010 unda,
1211 976 1371 1014 preces;

353 1033 438 1073 Nec
463 1034 564 1082 potis
584 1039 645 1069 aut
667 1032 773 1070 Musa
797 1032 873 1083 est,
906 1041 964 1071 aut
985 1033 1154 1070 carminis
1178 1033 1301 1072 aut-”tor
1322 1033 1468 1085 Apollo

406 1100 574 1140 Flectere
597 1101 764 1139 Tartarei
786 1099 856 1138 fata
879 1101 1033 1150 superba
1057 1100 1132 1143 dei.

355 1170 406 1210 At
427 1172 535 1209 vobis
560 1171 655 1208 male
676 1169 741 1215 fit,
773 1168 939 1207 crudelia
961 1170 1111 1208 numina
1127 1199 1140 1219 ‚
1171 1171 1305 1214 Parcae
1319 1201 1330 1218 ,

409 1240 509 1279 Proh
530 1239 668 1277 scelus!
699 1239 738 1276 in
765 1249 913 1287 magnos
939 1240 1091 1276 numina
1113 1241 1235 1289 iniqua
1257 1243 1373 1280 viros.

355 1311 436 1347 Vos
449 1307 704 1357 quodcumque
717 1308 807 1345 boni
818 1308 888 1353 est,
900 1316 937 1346 et
950 1307 1106 1348 sanetum
1116 1307 1293 1357 quidquid
1307 1312 1441 1361 ubique
1451 1340 1464 1357 ,

411 1379 558 1427 Cogitis
581 1376 748 1415 infernas
771 1378 941 1426 protInus
964 1377 1019 1415 ire
1040 1377 1133 1416 vias.

353 1449 436 1486 Vos
455 1449 565 1486 etiam
590 1446 720 1484 nostro
742 1454 899 1483 mortem
921 1447 1145 1496 properastis
1170 1449 1318 1496 amico,

408 1515 646 1565 Rupistisque
669 1516 745 1552 atra
765 1513 917 1551 candida
941 1514 998 1552 flia
1020 1526 1140 1553 manu.

353 1585 435 1624 Ab!
473 1584 614 1623 Clotho
639 1583 837 1627 obscaena,
872 1584 1013 1623 Clotho
1035 1585 1306 1634 immaniffima,
1338 1586 1435 1627 fusos

406 1653 584 1691 Polluere
607 1651 698 1689 haud
717 1660 891 1700 poterant
911 1661 981 1690 tam
1003 1652 1099 1689 bona
1122 1651 1179 1689 fila
1200 1660 1297 1692 tUOS.

352 1723 510 1762 Scilicet
534 1728 691 1759 extento
714 1719 849 1756 cornix
873 1728 912 1758 ut
934 1721 1081 1759 viveret
1100 1732 1218 1767 aevo,

410 1795 552 1829 Cervus
574 1799 612 1827 ct
632 1796 783 1827 aetatem
808 1791 871 1826 vix
896 1788 991 1827 ferat
1011 1790 1088 1839 ipse
1109 1790 1204 1828 suam
1219 1821 1229 1836 ‚

350 1864 445 1901 Tam
466 1860 590 1898 brevis
611 1858 665 1896 est
687 1857 829 1896 homiui
850 1858 1000 1896 miserae
1022 1859 1099 1897 data
1123 1860 1254 1908 portio
1276 1859 1399 1908 vitae,

403 1931 484 1969 Vix
504 1929 622 1979 geniti
647 1929 686 1965 in
711 1926 872 1964 moestos
893 1928 1193 1977 proripimurque
1217 1929 1347 1976 rogos!

350 1998 423 2040 Sed
445 2008 600 2048 percant
623 1997 765 2042 sonteS,
797 1992 928 2033 divum
953 2005 1191 2048 contemptor
1212 2006 1248 2037 et
1270 1997 1376 2048 aequi

404 2067 543 2106 Sentiat
565 2075 648 2105 ante
668 2066 749 2104 suos
763 2065 895 2105 ultima
917 2064 987 2103 fata
1009 2065 1100 2106 dies,
