1527 2807
308 315 907 349 ιιισιΔσΛ.
1079 309 1156 355 ³69

33 410 152 450 Mene
179 412 277 469 iuyat
304 415 439 464 Belgas
469 415 566 455 inter
595 423 790 454 numerare
817 413 977 464 poetas?

83 481 175 521 Nou
204 482 279 523 hoc
307 483 464 523 emeruit
492 482 616 521 nostra
646 483 779 522 Thalia
808 482 934 524 decus.

29 550 122 589 Non
151 560 231 590 mea
260 553 423 591 Castalio
453 548 672 588 maduerunt
696 558 844 599 guttura
871 552 991 601 fonte3

83 617 130 656 Et
159 618 237 658 sunt
262 620 473 658 nominibus
502 620 613 658 verba
644 621 787 659 minora
817 623 899 661 tuis.

30 685 80 725 At
109 687 229 733 iuvat,
257 688 429 736 exiguam
458 699 537 726 non
567 687 814 737 dissplicuisse
843 691 1061 741 Camenam,

82 754 191 807 Quae
219 755 428 804 patrocinio
457 765 529 795 tuta
557 756 678 796 futura
704 757 864 798 tuoest.

25 822 114 868 Tu,
143 823 316 871 cupidum
347 827 452 871 veri,
484 826 620 866 seducis
649 829 688 867 in
719 828 802 868 avia
830 827 968 869 Pindi.

81 892 313 944 Plurimaque
341 894 462 942 ignoti
493 905 630 934 nomen
658 896 696 934 in
724 906 790 935 ora
818 897 951 936 refers.

27 961 188 1010 Respice
217 974 275 1001 me
304 963 428 1004 facili,
457 972 574 1001 vatum
605 963 812 1003 doctiffime
828 991 840 1011 ,
872 964 1002 1012 vultu,

73 1031 219 1069 Pronus
247 1040 285 1070 et
313 1029 471 1070 Aonisin
500 1041 614 1078 perge
642 1030 770 1070 favere
797 1031 907 1068 meis!

26 1098 115 1137 Hoc
142 1110 252 1138 unum
282 1099 320 1137 in
350 1099 447 1136 votis
465 1124 479 1146 ,
509 1107 616 1147 rogat
635 1099 710 1137 hoc
734 1108 772 1138 te
795 1100 970 1138 Francius
999 1110 1135 1148 unum,

75 1167 168 1211 llle,
198 1168 399 1209 clientelae
427 1180 510 1219 pars
539 1178 800 1220 quotacunque
829 1176 925 1207 tuae.

28 1293 148 1335 1666.
572 1304 767 1333 τιτινε
807 1301 1084 1333 rnucrvt.

85 1523 565 1572 NICOLAO
633 1518 1089 1570 HEINSIO

141 1665 219 1697 ΙΝ
274 1661 648 1695 PATRIAM
703 1657 1031 1693 Rznvcx.

25 1848 233 1940 Legerat
260 1887 500 1935 Heinfiacos,
529 1889 720 1929 numerosa
747 1885 958 1933 volumina,
988 1883 1105 1933 lusus.

77 1958 125 1997 Et
151 1969 229 1996 mea
256 1957 424 1998 divinum
453 1959 558 1998 Musa
584 1961 729 2010 peribat
758 1966 867 2006 opus,

19 2025 199 2066 Protinus
228 2025 362 2065 Aoniis
390 2026 612 2067 furibundus
640 2028 823 2067 amoribus
852 2035 963 2074 uror,

76 2096 124 2137 Et
151 2095 372 2136 desiderium
398 2096 464 2135 vix
489 2094 650 2136 tolerare
679 2106 798 2138 meum
828 2095 898 2136 est.

580 2165 633 2205 n
