1527 2807
430 294 925 324 ueneror.
1153 294 1225 337 ¹57

119 399 272 437 Certent
297 407 376 434 cum
399 395 531 433 fidibus
561 393 741 442 stipulae,
768 404 849 431 curn
864 378 1015 442 pectine
1036 393 1159 434 bucca.

118 468 218 506 lilius
243 464 386 504 auditae
410 475 488 502 mea
509 472 544 501 te
567 462 768 501 meminisse
792 470 958 511 precatur

117 535 236 572 Pieris
251 564 261 581 ,
293 535 502 584 importuna
520 542 613 571 tuam
643 543 733 581 quae
757 530 905 569 vellicat
924 543 1060 573 aurem.

119 602 224 639 Illam
255 603 375 640 omnis
405 599 554 653 (nosti)
585 600 741 650 pastoria
764 599 884 636 nostra
905 601 1072 640 iuventus

120 671 302 709 Aetherio
330 679 493 721 tanquam
524 670 652 720 lapsam
683 668 838 714 suspexit
868 668 1048 720 Olympo.

122 738 334 790 Praecipue
356 742 474 780 coluit
501 751 632 789 magno
657 738 755 777 illam
785 739 938 776 Moeris
967 744 1134 789 honore,

125 808 195 853 Et,
226 813 334 858 magis
355 819 461 859 atque
484 810 593 856 magis
615 809 763 846 mIratus
780 834 791 852 ,
815 807 979 846 laudibus
1001 809 1100 849 iiiam

127 873 276 915 Affidue
311 878 529 916 celebrabat.
560 878 650 915 hu‘ic
679 878 748 914 iam
777 875 936 924 denique
965 877 1075 914 victas

127 947 258 986 Aiebat
286 947 404 986 Siculi
433 946 586 996 pastoris
614 945 748 983 cedere
775 955 919 982 cannas.

125 1015 261 1055 Plenae
289 1018 374 1065 quin
397 1017 503 1054 ctiam
529 1026 690 1052 curarum
719 1014 859 1052 oblivia
888 1013 1007 1060 vitae,

126 1087 171 1122 In
195 1085 308 1133 patria
336 1095 402 1134 per
423 1096 512 1134 quae
535 1083 689 1122 Phoebo
713 1083 899 1133 Musisque
922 1083 1063 1122 vacavit

125 1151 283 1191 Sincere
311 1154 450 1201 gavisus
464 1183 473 1200 ‚
504 1154 592 1192 hu‘ic
612 1162 757 1202 accepta
775 1153 926 1193 ferebat.

129 1222 210 1259 Hac
231 1233 323 1260 vero
345 1223 492 1270 erepta,
522 1221 624 1259 mille
646 1222 758 1270 ipsum
777 1223 892 1261 taedia
915 1223 1055 1260 acerbis

127 1290 269 1327 Noctes
298 1297 403 1338 atque
433 1289 508 1328 dies
532 1290 694 1341 pressere
715 1291 920 1339 angoribus.
964 1302 1057 1339 ergo

131 1357 377 1396 Concedenda
399 1367 491 1397 ratus
512 1359 676 1397 moerori
699 1357 821 1405 frena,
851 1359 1018 1408 querelas

125 1427 291 1465 Perditus
314 1428 352 1465 in
382 1426 471 1464 tales
495 1427 683 1477 prorupit:
713 1425 827 1464 dulcis
858 1428 940 1466 loia
958 1459 970 1477 ,

129 1497 235 1548 Quae
265 1507 415 1534 nemora
437 1506 500 1534 aut
521 1496 643 1540 saltus,
663 1507 755 1545 quae
777 1496 881 1534 devia
903 1505 1023 1547 tesqua
1045 1504 1242 1550 pererras?

136 1563 241 1613 Quae
259 1572 317 1601 tua
340 1566 486 1604 vocales
509 1566 664 1604 reddunt
683 1567 748 1604 tibi
772 1567 930 1605 carmina
947 1567 1085 1616 valles,

127 1634 286 1672 Aeriive
309 1633 432 1672 ferunt
453 1633 496 1670 ad
515 1635 683 1684 proxima
708 1634 819 1672 sidera
841 1643 1009 1683 montes,

131 1702 291 1739 Nectare
313 1700 449 1741 diffusis
472 1703 610 1752 superis
631 1703 822 1752 gratislima
841 1703 966 1744 dona?

131 1771 226 1823 Quis
247 1779 316 1809 tam
339 1771 437 1809 dirus
463 1783 565 1810 amor
590 1772 784 1822 peregrina
803 1783 961 1813 armenta
981 1773 1130 1812 videndi

129 1839 188 1878 Te
210 1842 330 1891 rapuit
344 1871 353 1886 ‚
380 1841 512 1890 procul
538 1849 576 1879 ut
593 1851 743 1890 quoque
765 1851 862 1879 nunc
879 1841 936 1880 his
958 1853 1074 1881 arceat
1105 1845 1200 1891 oris,

133 1907 290 1958 Quando
310 1910 390 1946 viae
409 1911 561 1948 comites
580 1909 713 1948 dudum
733 1909 878 1949 rediere
899 1911 1082 1951 bubulci?

134 1974 219 2019 lili,
247 1977 455 2026 praecipitis
476 1976 651 2015 Rhodani
671 1977 742 2027 qua
765 1981 910 2019 vortice
934 1981 1056 2019 lentus

138 2042 363 2081 Absorbetur
381 2044 496 2092 Arar,
527 2055 562 2084 te
591 2044 788 2085 deseruiffe
815 2049 1010 2087 cohortem

139 2111 457 2163 Commemorant,
478 2122 624 2165 captum
644 2123 761 2157 terrae
781 2116 966 2157 ulterioris
988 2127 1127 2158 amore.
1236 2130 1248 2166 j
