1527 2807
312 321 351 354 ι’
393 326 418 355 t,
472 327 512 356 1:-
553 329 579 357 a
634 324 663 355 1'
709 329 746 356 Α·
792 317 832 355 c'
874 327 901 356 Α
1103 314 1191 368 -439

52 428 136 468 Nec
165 436 261 473 vos,
289 436 315 464 o
344 426 495 475 violae,
523 427 676 475 renuit,
705 426 909 465 ranuncuie
929 454 940 471 ‚
969 434 1104 466 necte

105 497 253 535 Vechta
281 495 458 545 pruinosa
488 495 663 545 spargere
692 495 791 535 lenis
819 496 926 546 aqua.

48 566 126 605 Hic
155 568 263 605 rubet
291 563 495 603 horrendas
525 567 624 603 inter
650 565 901 615 pulcherrima
929 566 1075 615 spinas,

104 638 353 685 Puniceitqu'e
383 637 499 674 comis
530 646 664 675 vernat
690 637 857 683 amicta,
864 635 978 674 -rosa.

50 708 198 747 Nonne
224 699 373 745 vides?
388 705 531 745 virides
563 714 605 744 ut
629 705 760 754 pingat
786 716 964 744 amaracus
991 706 1125 746 hortos
1135 733 1151 756 ,
1184 695 1191 699 ⁴

103 778 151 816 Ει
179 789 288 828 quem
317 775 543 827 prostratum
575 775 714 824 Cypria
743 773 851 813 flevit
875 786 982 826 apro.

45 847 148 900 Quid
176 857 380 886 memorem
411 846 588 895 pulcros,
609 852 650 883 et
675 843 894 884 odoriferos
916 849 1185 910 amaranthos3

101 916 308 965 Liliaque,
336 914 518 953 hiberna
516 908 745 952 candidiora
775 913 899 953 nive?

45 987 345 1035 Innumerosque
373 984 469 1023 alios
499 983 615 1022 dicam
645 981 725 1022 fine
751 985 910 1024 nomine
937 985 1073 1035 flores,

91 1056 248 1104 Ignotos
277 1052 463 1102 quondam
479 1054 601 1098 ,terra
627 1051 782 1100 Latina,
810 1055 912 1093 tibI?

40 1124 78 1162 O
109 1123 210 1161 horti
239 1120 405 1160 virides!
431 1120 533 1159 horti
562 1112 760 1168 fragrantis
789 1121 957 1162 odores!

95 1188 432 1240 Tuque-colorato
458 1189 633 1238 germine
658 1196 769 1229 terra
801 1192 942 1231 ferax!·

46 1260 241 1316 Qualiter,
260 1260 480 1318 -innumeris
509 1248 681 1297 distincta
696 1260 919 1309 coloribus,
947 1264 1020 1302 Iris

95 1332 246 1379 Pauet‚
276 1338 314 1368 et
342 1340 390 1368 ex
418 1329 492 1367 alia
519 1337 626 1377 parte
654 1327 792 1368 decora
818 1330 945 1369 rubet.

36 1404 139 1443 Hinc
171 1400 238 1439 fibi
268 1397 438 1438 formoso
467 1397 679 1449 decerpunt
707 1398 853 1448 pollice
880 1398 999 1440 flores
1030 1410 1058 1429 ’ἱ

90 1468 260 1516 Naida,
292 1476 332 1507 et
354 1467 470 1519 sylvas
499 1478 635 1517 rusque
662 1469 819 1518 Napaea
848 1469 999 1508 colens.
1051 1482 1056 1488 ·
1118 1478 1120 1480 ’

33 1540 144 1582 Hinc
171 1538 233 1577 sua
263 1534 430 1576 conecto
456 1537 652 1577 circundat
677 1546 847 1589 tempora
876 1539 979 1578 serto

88 1611 222 1653 Flora,
250 1607 478 1646 racemifero
507 1608 606 1647 sacra
631 1607 754 1648 datura
781 1607 876 1649 deo.

33 1679 241 1721 Iucundum
267 1687 466 1727 pergamus
499 1678 587 1717 iter.
637 1678 712 1716 iam
747 1678 908 1718 vidimus
936 1679 1084 1730 hort033

86 1751 242 1790 Lumina
273 1747 420 1785 deiiciis
448 1746 530 1786 sunt
558 1747 681 1786 satiata
712 1747 797 1788 soli.
1110 1751 1111 1754 ’

33 1823 136 1875 Quin
165 1827 204 1858 et
231 1817 438 1858 fructiferis
470 1817 618 1856 arbusta
642 1815 799 1855 labantia
828 1820 940 1858 ramis

82 1895 188 1944 Inter
217 1888 382 1928 diductas
413 1885 654 1936 adspiciamus
685 1897 806 1936 aquas.

34 1963 71 2002 O
101 1963 209 2011 pira,
237 1967 417 1997 nectareo
447 1958 632 2008 varioque
655 1956 814 2007 'superba
842 1953 997 2006 sapore!

89 2031 125 2068 O
152 2030 287 2079 poma!
319 2037 343 2064 o
373 2028 505 2066 tenera
533 2038 649 2078 pruna
666 2016 840 2076 “legenda
869 2029 998 2066 manu!

32 2102 70 2141 Ο
101 2101 188 2148 picti
220 2107 412 2148 pepones,
443 2103 480 2134 et
507 2095 609 2135 humi
637 2087 824 2137 nascentia
852 2094 976 2144 fraga!

88 2169 124 2207 O
157 2166 302 2208 cerati!
333 2175 358 2204 o
387 2164 492 2217 puris
518 2163 614 2205 laeta
644 2164 811 2216 Cydonis
841 2165 970 2215 aquis!

1119 491 1129 513 Ι
