1527 2807
302 253 357 297 62
662 263 1058 296 nunterst-

305 362 452 413 Spargit
474 361 591 400 Amor
610 359 758 400 blandus
781 369 1000 402 metuentem
1022 361 1162 412 frigora
1184 371 1367 416 myrtum,

359 431 480 468 Prima
510 429 583 479 pati
614 436 775 468 renuunt
802 428 944 479 frigora
977 439 1137 483 myrtus,
1170 433 1302 475 Amor.

303 499 428 537 Imber
458 494 670 535 odoriferos
699 498 893 546 magnavi
929 500 1100 539 verberet
1131 500 1283 549 hortos;
1308 538 1310 540 ,

357 563 511 604 Auferat
544 571 582 603 et
610 565 746 606 teneris
776 564 930 606 floribus
961 577 1076 606 omne
1107 568 1238 616 decus;

302 634 384 685 Ipsa
403 662 414 680 ,
440 632 544 671 finctis
573 643 657 682 quas
684 633 772 671 alma
799 634 850 671 sui
881 634 1039 674 servavit
1070 635 1230 683 alumni,

357 701 526 739 Dimittit
550 702 693 750 gremio
719 702 835 741 divite
860 703 1011 741 Chloris
1048 715 1153 753 opeS.

301 769 405 819 Ergo
433 770 548 820 agite!
597 781 622 808 o
648 771 822 817 juvenes!
869 771 981 810 sacras
1013 770 1176 810 accedite
1196 769 1239 809 ad
1261 783 1339 810 aras
1351 799 1374 819 ,ἰ

357 839 484 877 Thura
518 848 670 889 crepant
698 837 826 876 mediis
857 839 1023 888 ignibus,
1055 850 1165 877 omen
1192 840 1301 878 inest.

301 904 460 958 Jungite.
485 906 689 945 concordes
714 906 851 945 festivo
880 906 1035 946 foedere
1070 908 1243 957 dextras,

354 974 468 1013 Stetis*
488 974 701 1024 compositis
724 983 806 1015 ante
825 976 915 1015 deos
945 978 1122 1015 manibus.

299 1041 361 1082 0!
401 1044 448 1080 ita
479 1043 684 1088 conjunffis
710 1045 838 1082 animis
867 1045 965 1083 bene
997 1045 1142 1091 vIvite‚
1182 1045 1318 1084 sanstuss

356 1110 539 1159 Legitima
568 1119 607 1148 ut
635 1112 743 1150 vobis
776 1113 922 1151 vincula
958 1112 1073 1152 nectit-
1101 1113 1262 1162 Hymen.

297 1178 363 1219 Sic
391 1176 468 1214 sors
502 1177 593 1216 laeta
616 1177 724 1224 fluat,
741 1189 1004 1230 contentaque
1027 1180 1192 1230 fimplice
1217 1189 1309 1219 voto

353 1248 416 1288 Sic
444 1250 539 1286 bene
567 1259 637 1296 pax
666 1247 830 1296 placidos
859 1249 998 1288 incolat
1032 1249 1123 1287 alma
1161 1250 1281 1294 laren

299 1317 363 1359 Sic
392 1328 488 1365 ege,
521 1315 570 1354 fic
599 1316 715 1354 dulcis
748 1327 889 1356 mecum
909 1328 986 1355 mea
1008 1317 1188 1366 Berghia,
1218 1315 1357 1363 fruetus

306 1407 312 1415 ι
352 1385 547 1422 Fraternae
575 1383 706 1433 poffim
732 1394 887 1433 carpere
916 1385 1109 1424 amicitiae.
1163 1393 1166 1395 ’

298 1452 403 1491 Haec
424 1450 512 1489 deus
536 1451 614 1500 ipse
633 1453 756 1498 jubet,
787 1452 903 1505 multo
935 1453 1008 1502 qui,
1027 1452 1150 1490 vinxit
1174 1463 1300 1492 amore

352 1522 546 1559 Fraternos
580 1522 741 1564 animos,
771 1507 977 1559 haec'deus
1009 1519 1085 1569 ipse
1112 1521 1228 1566 jubet.

299 1589 402 1628 Haec
432 1588 580 1638 pudor,
606 1596 644 1627 et
671 1589 778 1626 nulio
810 1588 925 1627 fucata
956 1588 1131 1627 modestia
1164 1588 1281 1646 fastu,

352 1658 455 1695 Haec
486 1656 667 1707 spondent
695 1667 841 1701 mores,
870 1656 1020 1694 candida
1050 1657 1181 1705 virgo!
1211 1658 1280 1696 tui.

298 1725 403 1764 Haec
428 1726 544 1775 pietas
574 1726 705 1770 nobis,
738 1724 852 1762 virtus
885 1732 943 1762 tua
972 1724 1150 1769 maxima,
1186 1733 1287 1762 tanto

353 1793 448 1831 Filia
476 1804 584 1842 quem
615 1792 776 1832 redamas
799 1793 906 1840 digna
938 1801 1113 1841 parente,
1143 1794 1285 1842 probat.

296 1860 419 1901 Adsis!
453 1862 616 1899 unanitni
645 1863 791 1911 generis
822 1861 947 1900 felicia
978 1860 1069 1907 fata,

351 1929 462 1982 Quod
494 1929 556 1967 sub
587 1929 748 1969 feminea
777 1931 895 1968 crevit
921 1941 1046 1967 amore
1075 1940 1208 1974 manu,

296 1999 539 2039 Promoveas!
583 2002 698 2038 multo
732 1999 778 2035 fic
808 1999 958 2046 longum
988 1997 1089 2035 stabit
1109 2008 1238 2037 amore

349 2065 701 2117 Ruytenburghiaco
732 2066 917 2105 stemmate
952 2064 1156 2104 Weffelia!
