1527 2807
446 323 879 355 LYssch.
1099 320 1228 369 187

396 518 473 550 IN
527 520 940 561 EFFIGIEM

229 613 271 656 D
378 615 398 658 I
506 615 544 657 E
655 617 684 658 S
793 616 836 658 T
941 616 962 661 Ι
1068 619 1104 663 Ι.

115 719 243 807 Inter
268 765 445 803 docentes
470 765 564 805 sacra
585 768 720 817 pubem
740 762 859 815 Belgii

108 833 229 873 Annis
248 837 437 876 cathedrae
456 839 595 886 primus
610 865 620 882 ‚
650 836 742 874 haud
764 835 904 874 meritis
926 835 1073 884 minor,

112 903 260 945 Faciem
283 906 478 944 verendam
501 905 549 943 fic
576 904 716 942 ferebat
741 903 923 942 Diestius.

112 974 292 1023 Linguam
314 975 503 1020 disertam,
530 974 663 1011 mentis
686 972 878 1021 ingenitam
900 973 1010 1024 piae,

112 1041 352 1080 scientiarum
379 1050 505 1092 pectus
535 1052 702 1079 arcanum
729 1052 854 1091 penu,

110 1109 291 1161 Depinxit
319 1110 394 1162 ipse
423 1112 557 1150 litteris
586 1111 832 1162 perennibus.

574 1233 692 1262 mim.
721 1233 882 1272 runau-
910 1236 1050 1266 GRONO
1056 1238 1161 1267 VIVS-

146 1454 230 1494 AD
288 1451 336 1490 A.
391 1450 688 1490 PLOSIVM
744 1450 822 1491 AB
883 1451 1191 1496 AEMSTEL

186 1523 271 1563 DE
327 1521 564 1563 MORTE
621 1521 898 1561 HENRicr
951 1523 1128 1564 F1L11.

106 1634 236 1721 Vir
255 1671 389 1710 summe
411 1671 565 1719 patriae,
600 1672 663 1721 qui
683 1670 874 1721 penatibus
894 1669 1001 1711 sacris

103 1744 245 1785 Laudes
279 1735 410 1787 avitaff,
438 1746 474 1787 et
496 1739 739 1787 propaginem
761 1747 892 1778 tantam
905 1769 919 1788 ,
1032 1742 1033 1746 ’

101 1817 304 1864 Decusque
332 1809 449 1861 gentis
480 1807 665 1847 Amstelae
685 1809 896 1856 redonasti,

103 1883 249 1937 Affqme
272 1882 413 1938 Laurus
428 1911 440 1926 .
465 1889 570 1930 atque
600 1879 770 1920 adoream
800 1881 924 1920 iustam
939 1912 952 1932 ‚

103 1955 194 1993 Non
215 1937 317 2003 quam
339 1935 471 1989 cruore
491 1949 612 2000 pingit
640 1950 796 2002 Inclytus
815 1951 993 2001 Mavors,

103 2026 275 2070 Interque
296 2020 433 2070 giadios
455 2019 678 2058 nundinatus
692 2049 703 2068 ‚
733 2029 770 2059 et
790 2021 939 2068 caedes,

104 2089 176 2130 Sed
200 2089 414 2128 invidendae
435 2091 633 2140 praemium
647 2118 657 2135 ‚
684 2099 920 2140 togataeque,

99 2161 148 2201 Et
166 2159 371 2199 sustinentss
392 2161 561 2211 publicae
584 2162 640 2201 rei
662 2160 821 2207 molem,
