1527 2807
315 264 386 314 143
681 263 1092 294 thsvs

316 371 534 413 Immensum
556 369 724 414 peragras
745 361 886 398 miseris
908 359 1098 398 erroribus
1121 358 1249 398 orbem
1263 389 1274 409 ‚

312 443 411 485 Dic,
443 437 573 486 quibus
596 432 754 472 Hutfitas
779 431 899 468 oculis
916 461 925 478 ‚
956 433 1027 480 quii
1050 437 1171 467 mente
1193 431 1353 468 colonos

312 508 515 552 Lustrasti,
545 503 751 550 Iobumque
776 510 918 548 meum,
949 512 1024 548 quo
1047 502 1206 540 sanctior
1229 500 1319 538 alter

309 577 485 616 Mortalis
509 583 585 612 non
616 571 670 609 est
698 571 793 607 inter
815 570 982 617 contagia
1005 572 1129 615 vitae3

311 647 450 685 Rectus
469 673 478 686 .
507 650 543 682 et
565 642 790 689 omnigenae
813 638 960 687 fugiens
986 639 1149 677 divortia
1173 638 1329 687 culpae,

318 717 388 756 Me
410 714 568 764 sequitur
590 713 782 760 victorque
807 709 859 747 tui
881 710 1072 759 Vlctorque
1094 718 1252 748 tuorum.

569 849 869 904 „Fragmentum
927 846 1087 901 Capitis
1125 842 1188 884 ΙΙ.

323 992 427 1040 Ergo
449 989 511 1028 ubi
533 988 686 1029 sidereas
709 992 840 1029 iterum
854 1019 864 1035 ,
894 1000 987 1034 nee,
1017 995 1054 1025 ut
1076 995 1158 1025 ante
1176 1014 1187 1031 ‚
1221 992 1448 1035 prementem

324 1063 472 1100 Ventre
494 1060 633 1105 solum,
668 1059 847 1109 densaque
868 1059 975 1096 chori
998 1058 1061 1095 sub
1082 1058 1176 1094 nube
1202 1056 1371 1093 latentem

325 1130 508 1169 Aetherei
524 1158 533 1173 ,
563 1137 598 1167 et
623 1129 740 1176 magni
761 1128 1005 1178 trepidantem
1029 1127 1070 1165 ad
1094 1127 1204 1165 verba
1229 1124 1439 1169 Tonantis,-

328 1196 403 1236 Sed
427 1197 562 1235 celsum
584 1197 733 1234 cervice
754 1225 764 1242 ,
794 1198 1078 1245 ministerioque
1099 1195 1295 1245 superbum

325 1267 525 1313 Numinis,
554 1275 590 1305 et
609 1265 768 1311 caussae,
800 1265 883 1303 dum
902 1266 982 1315 spes
1007 1272 1084 1303 erat
1105 1264 1176 1300 ulla
1205 1264 1396 1312 supersten,

330 1335 525 1374 Fidentem
546 1365 556 1383 ,
590 1334 748 1373 medium
774 1334 928 1373 coeiesti
950 1335 1141 1372 Daemona
1167 1342 1304 1372 turmae

328 1405 539 1444 Calcantem
565 1406 704 1445 lehova
723 1406 844 1455 plagas
869 1404 1063 1454 conspexit
1084 1411 1121 1443 et
1141 1403 1214 1454 Ipfi

331 1471 384 1513 Se
405 1475 470 1513 fibi
492 1475 673 1514 sistentem
689 1506 698 1522 ‚
730 1476 776 1514 fic
801 1475 940 1513 rursum
964 1474 1119 1514 affatur:
1148 1484 1288 1524 opacae

329 1545 465 1583 Noctis
488 1552 524 1583 et
544 1543 684 1582 inferni
707 1546 826 1584 custos
851 1543 1040 1583 horrende
1063 1544 1246 1587 barathri,

335 1615 412 1666 Qui
434 1625 554 1662 neque
578 1614 781 1654 damnatum
802 1615 869 1655 tibi
892 1616 970 1653 iura
993 1610 1094 1652 ciere
1112 1625 1178 1663 per
1198 1622 1325 1650 orcum

335 1684 422 1721 Nec
443 1682 566 1721 sontes
587 1692 763 1733 torquere
782 1686 916 1724 animas
938 1691 1132 1721 contentus
1147 1711 1158 1728 ‚
1190 1679 1226 1719 in
1255 1680 1350 1728 ipsos

337 1754 455 1790 Irruis
479 1754 661 1792 innocuos
677 1783 688 1801 ‚
722 1763 758 1792 et
781 1756 848 1792 iam
870 1754 962 1791 mihi
982 1751 1085 1791 mille
1107 1750 1303 1799 probatum

336 1822 410 1860 Per
432 1822 672 1870 documenta,
700 1835 820 1861 novae
839 1823 1015 1871 congestu
1041 1820 1195 1866 fraudis,
1227 1829 1353 1857 amore

344 1890 381 1928 A
402 1890 531 1928 nostro
554 1900 671 1930 tentas
694 1891 879 1930 divellere
904 1900 1030 1942 pectus
1060 1891 1171 1935 lobi,

338 1959 417 1996 DIc
437 1970 501 2008 age
515 1989 525 2003 ,
555 1961 642 2008 quid
662 1970 763 1999 tanto
787 1961 963 1999 scelerum
987 1959 1181 1997 molimine
1203 1954 1354 1994 tandem.

341 2026 524 2065 Proficis?
552 2028 704 2067 infracta
725 2031 861 2078 patitur
885 2032 1022 2067 vlrtute
1047 2027 1198 2066 dolores

344 2097 392 2136 Et
412 2096 534 2139 clades
557 2098 696 2139 Hutfita
718 2098 815 2148 suas,
848 2098 1016 2148 siccoque
1041 2107 1232 2149 pererrans
