1527 2807
328 322 924 355 retexans.
1107 322 1207 364 457:

63 427 141 468 Hic
169 424 315 476 placidi
347 425 520 473 requiete
550 421 624 461 frui
654 422 766 467 licet,
803 425 904 463 inter
931 421 1166 474 eundumque

117 497 281 535 Aoniam
313 493 438 543 digitis
468 491 668 530 sollicitare
695 491 843 540 chelyn.

63 565 155 604 Non
185 567 328 605 etenim
358 560 445 606 τετὸ
475 560 593 610 sylvas
620 562 852 612 Pimpleides
878 563 1040 612 intrant,

115 634 163 673 Et
191 632 327 672 fronde
353 632 521 670 umbrosi
547 632 679 682 gaudet
707 631 855 683 Apollo
882 633 974 681 tegi;

63 703 150 753 Ipse
177 703 289 742 etiam
311 700 495 751 quondam
523 711 648 740 vaccas
685 701 829 752 paviffe
857 701 1039 742 Pheraeas

118 773 277 819 Fertur,
310 781 348 811 et
375 769 524 821 angusta
551 769 736 808 delituiffe
763 770 855 809 casii.

63 838 178 893 Sylva
206 841 282 881 deis
310 851 407 892 grata
435 841 510 886 est,
539 839 640 879 festis
667 847 706 879 et
744 841 846 891 sylva
873 842 1037 891 quietem

117 910 298 948 Parturit.
327 909 427 947 Arva
459 911 574 948 Ceres
592 937 604 953 ‚
629 920 715 947 atva
746 910 868 950 Diana
896 911 1010 955 colit;
1069 940 1076 944 .

67 982 241 1034 Quique,
269 978 533 1028 corymbiferis
562 987 713 1017 ornatus
735 985 903 1027 tempora
930 979 1052 1026 sertis,

119 1049 302 1098 Tigribus
333 1046 510 1097 imposuit
537 1045 656 1094 prima
682 1045 837 1094 capistra
862 1045 972 1084 feris.

65 1119 247 1161 Auditis?
276 1117 384 1167 quem
418 1114 524 1153 dulce
552 1112 670 1152 melos
707 1122 911 1164 cantusque
941 1116 1139 1157 volucrum

115 1187 230 1237 Sylva
256 1186 386 1223 virens
414 1185 583 1223 resonat!
611 1182 719 1234 quem
748 1183 851 1224 sonat
879 1187 1003 1225 omnis
1032 1190 1138 1237 ager!

64 1256 103 1295 Ο
133 1255 267 1295 molles
294 1253 545 1303 zephyrorum
575 1254 740 1291 animae!
770 1265 796 1291 ο
826 1254 1006 1302 spirabilis
1033 1259 1139 1294 aura!

121 1325 158 1363 O
188 1321 366 1373 superum
393 1322 522 1361 sedes!
551 1321 790 1370 laetitiaeque
817 1322 965 1360 domus!

64 1390 220 1434 Fauor?
246 1401 290 1429 an
319 1391 384 1429 hic
420 1389 526 1429 locus
545 1393 622 1437 est,
651 1391 765 1431 feffae
793 1394 858 1442 qui
887 1390 999 1442 saepe
1027 1395 1198 1437 Dianae.

121 1462 287 1513 Excepit
314 1459 460 1510 gremio
488 1460 641 1499 candida
670 1462 832 1500 membra
861 1460 958 1500 suo?

63 1534 139 1575 llle
159 1532 455 1583 'pharetrigerae
480 1529 685 1579 quondam,
715 1543 783 1582 per
822 1541 938 1581 opaca
969 1539 1143 1581 vagantes
1193 1567 1198 1571 .

118 1602 278 1647 Lustra,
304 1599 395 1637 deae
425 1598 778 1638 vidit-succubuiffe
807 1598 918 1641 feras.

60 1668 254 1707 Hiclocus
268 1667 348 1713 est,
370 1668 502 1706 humus
530 1669 763 1718 haec‚quam
778 1669 915 1720 Cypria
929 1670 1043 1710 lactea
1061 1670 1197 1718 dudum

119 1738 248 1776 Fertur
276 1732 458 1776 Acidaliis
487 1736 698 1777 antetuliffe
728 1738 839 1786 iugis.

65 1807 146 1848 Has
175 1817 323 1857 prope,
344 1804 526 1846 credibile
549 1804 770 1855 est‚·sylvas
801 1814 841 1845 et
870 1807 1002 1850 flotida
1031 1822 1117 1851 rura

119 1873 286 1912 Coerula
315 1873 530 1913 coeruleum
559 1884 674 1921 regna
701 1870 831 1914 tenere
859 1875 983 1918 deum.

68 1946 192 1985 Prima
221 1943 368 1993 quidem
399 1943 518 1980 fertur
547 1941 702 1980 tenuiffe
728 1942 885 1994 palatia,
917 1957 1030 1996 puras

124 2015 197 2052 Hic
227 2014 293 2051 ubi
325 2013 542 2051 Traiectum
573 2012 722 2060 antiqua
750 2024 905 2054 coronat
934 2028 1059 2065 aquas.

69 2086 172 2125 Hinc
202 2081 319 2121 mode·
349 2080 556 2128 Bellonae,
577 2082 791 2133 Martisque
821 2084 1013 2126 furoribus
1043 2096 1168 2137 actus,

122 2152 234 2203 Fugit
262 2152 341 2198 εὸ,
367 2151 438 2201 qua
464 2162 565 2192 nunc
593 2151 634 2191 in
664 2162 760 2191 mare
789 2150 911 2192 fundit
938 2167 1064 2206 aquas.
