1527 2807
366 199 415 241 2⁸
727 196 1109 228 DELICIAB

355 300 444 343 Post
473 299 702 350 profligatam
733 304 882 347 patuere
911 299 1075 347 pericula
1106 299 1270 346 cladem,

414 371 626 416 Damnaque
657 366 867 415 praecipitis
896 368 967 413 jam
995 366 1145 416 fugitiva
1176 369 1274 406 mali.

358 439 528 478 Fulmina
552 447 628 474 non
661 435 765 472 aliter
795 435 936 473 tonitru
965 438 1166 474 comitante
1194 435 1334 474 sonoro

413 508 483 545 Per
513 515 589 542 non
620 502 807 553 provisum
837 512 936 551 rapta
964 502 1136 541 feruntur
1164 505 1248 542 iter.

360 576 411 616 At
431 573 572 623 quantis
599 582 742 620 nuper,
771 580 861 626 quot
879 572 922 608 ab
944 571 1111 608 hostibus
1135 572 1297 621 undique
1320 571 1433 623 septi!

414 643 533 696 Quale
553 642 778 683 minabatur,
808 650 913 688 quam
936 637 1111 676 famulare
1132 640 1276 688 jugum!

359 715 459 754 Cassa
480 722 619 751 tremor
639 708 776 747 miseris
798 707 999 745 excusserat
1019 718 1114 745 arma
1133 707 1292 745 Batavis.

410 779 631 821 Praesidium
650 776 717 815 soli
738 775 900 813 creditur
922 786 1034 812 omne
1059 774 1176 822 fugae.

356 850 598 890 Consternata
625 854 726 883 metu
756 843 808 880 nil
838 842 948 880 corda
978 842 1138 880 viriliter
1168 842 1313 882 audent.

410 922 454 958 In
484 917 585 956 nulla
615 913 776 963 superest
798 923 865 948 una
896 911 1007 948 salute
1037 910 1139 949 salus.

356 987 566 1037 Desperare
595 992 718 1020 veras:
748 990 783 1019 et
813 979 914 1018 fraffl
943 990 1082 1018 cornua
1110 981 1239 1019 Rheni

409 1056 531 1094 Prima
556 1050 747 1089 lacessitam
771 1061 847 1087 non
872 1050 956 1088 tulit
978 1049 1070 1087 unda
1097 1060 1254 1086 manum.

357 1123 526 1177 Qualiter
558 1119 763 1157 Herculeae
793 1119 918 1156 titulos
949 1118 1093 1155 auc‘ture
1124 1116 1323 1165 palaestrae

414 1188 588 1229 Amisum
618 1188 727 1235 capiti
759 1185 849 1233 fies,
879 1185 1075 1229 Acheloe,
1106 1185 1228 1222 decus.

357 1260 477 1300 Palma
502 1266 663 1294 nec-una
687 1254 736 1290 sat
758 1254 834 1297 est,
867 1254 1012 1301 Regum
1035 1255 1150 1300 jurata
1169 1253 1325 1291 duorum

410 1330 489 1366 Ter
517 1333 643 1374 quater
674 1322 805 1360 insesso
835 1321 948 1359 clasfis
980 1322 1098 1359 abadia
1126 1321 1239 1358 mari:

355 1395 512 1435 Aemula
543 1402 638 1431 terra
669 1398 799 1439 negat,
829 1401 876 1428 ne
905 1391 986 1439 plus
1015 1390 1085 1427 tibi
1113 1390 1242 1428 debeat
1270 1399 1429 1440 aequor,
1462 1383 1468 1387 ⁴

411 1466 453 1501 ln
486 1462 598 1499 titulis
628 1461 719 1510 poni
752 1458 843 1496 fama
874 1458 1026 1497 secunda
1055 1460 1136 1497 tuis.

356 1534 459 1573 Hinc
488 1539 594 1579 arque
624 1527 707 1565 iude
737 1539 841 1576 pares
871 1527 1109 1565 decertavere
1137 1526 1343 1575 triumphi:

412 1602 485 1647 Par>
509 1598 656 1635 meritas
687 1595 792 1633 subiit
821 1595 940 1633 laurus
972 1596 1149 1644 utrimque
1178 1606 1316 1633 comas.

357 1662 761 1714 Devovetainfaustum
791 1673 941 1712 cognata
970 1665 1156 1702 Britannia
1185 1665 1370 1709 Martem,

415 1734 482 1773 Illa
511 1733 563 1770 sur
593 1732 737 1769 decori-s
766 1732 836 1778 jam
866 1743 1028 1778 memor,
1061 1733 1122 1771 illa
1151 1734 1214 1771 tui.

359 1806 409 1845 Et
432 1803 501 1841 tibi
529 1801 565 1839 se
595 1800 719 1838 viciffe
748 1800 876 1845 dolet,
907 1801 1163 1850 cumulumque
1193 1801 1336 1841 doloris

415 1871 521 1908 Celta
547 1876 603 1906 tot
629 1868 814 1906 exhaustas
841 1868 962 1917 plorat
991 1869 1127 1907 inultus
1159 1881 1263 1919 opes.

363 1942 421 1982 En
453 1941 588 1978 laetum
618 1938 813 1986 agricolis,
841 1944 879 1975 et
908 1938 1074 1986 opimum
1105 1936 1274 1987 frugibus
1304 1950 1458 1988 annum,
1507 1939 1511 1945 '

421 2009 490 2048 Cui
512 2019 585 2058 pro
607 2006 714 2047 meffe
735 2005 823 2043 salus
843 2016 985 2057 paxque
1005 2007 1114 2046 relata
1134 2006 1282 2046 domum
1302 2006 1370 2046 est.
