1527 2807
349 252 401 291 94
704 250 1110 279 niercrA‘t·

350 351 510 391 Candida
530 352 575 389 de
599 349 741 390 summis
765 352 921 392 volitant
940 352 1115 402 aplustria
1142 351 1267 399 malis,

399 422 545 458 Circuit
565 428 602 458 et
627 421 737 458 lactas
757 422 867 459 multa
889 433 1031 460 corona
1050 428 1157 458 rates.

344 490 514 539 Explicat
535 490 630 527 ans
651 490 712 527 hic
731 488 886 527 decolor
910 489 1013 528 India
1035 501 1172 529 merces
1188 518 1198 535 ,

399 559 445 597 Et
464 570 550 608 quas
569 558 745 607 Hesperii
770 558 929 596 contulit
950 556 1045 596 unda
1069 560 1193 597 maris.

347 619 474 665 Fortia
495 628 714 677 conspicuae
737 637 806 675 per
830 626 973 663 moenia
993 625 1140 664 ducitur
1161 627 1285 674 urbis,

403 696 564 733 Moenia
584 706 675 743 quae
694 693 808 732 fausta
822 723 831 740 ,
863 694 902 732 di
917 724 926 741 ,
956 695 1127 744 posuistis
1146 706 1237 733 ave:

348 763 507 802 Aemula
529 763 697 802 fundatae
718 765 911 813 Neptunia
930 764 1079 802 moenia
1098 763 1267 812 Trojaet-

402 832 451 870 Se
470 832 627 878 maiora:
657 831 722 870 suo
743 833 862 870 nescIa
881 833 972 871 stare
996 833 1102 872 loco.

347 899 545 949 Multaque
568 909 760 949 praeterea
780 910 861 940 toto
885 902 1131 941 celeberrima
1153 897 1316 946 mundo,

403 971 591 1022 PrincipIS
617 971 901 1017 iiwic‘tiglumina
922 971 990 1009 fixa
1013 979 1153 1010 tenent.

349 1039 398 1078 Se
418 1050 566 1089 quoque
585 1038 809 1089 mirandum,
840 1039 925 1089 post
949 1047 1006 1078 tot
1024 1037 1223 1084 miracula,
1254 1035 1392 1083 donat,

407 1108 454 1146 Et
473 1107 576 1163 videt
598 1107 812 1154 Amstelias,
846 1108 923 1158 ipse
945 1107 1126 1147 videndus
1141 1136 1153 1157 ‚
1183 1117 1292 1156 opeS.

352 1176 437 1214 Huc
460 1174 629 1214 referunt
649 1175 799 1222 oculos,
830 1177 903 1214 huc
927 1188 990 1214 ora
1013 1176 1196 1222 faventia,
1226 1173 1370 1213 cuncti:

409 1246 455 1283 Et
479 1256 562 1295 pars
586 1243 754 1293 spectacli
777 1246 929 1282 maxima
951 1246 1103 1283 Cosmus
1131 1244 1242 1282 adest.

354 1313 482 1367 Qualis
498 1342 507 1359 ,
539 1313 741 1352 Alexandri
763 1314 896 1351 claram
924 1314 1082 1351 traduue
1103 1324 1172 1362 per
1192 1313 1320 1350 urbem
1335 1341 1347 1359 ,

411 1383 549 1421 Vidisti
569 1383 709 1428 cultos,
740 1382 871 1432 Scipio
893 1393 1044 1430 magne,
1076 1381 1184 1419 lares.

354 1451 484 1505 Qualis
508 1459 586 1489 erat
605 1449 786 1499 quondam
807 1451 919 1488 mult-a
943 1450 1065 1498 stipata
1087 1449 1256 1495 caterva,

411 1524 504 1559 Cum
528 1519 654 1570 pressit
679 1521 846 1558 Batavam
870 1514 970 1569 regia
990 1528 1103 1557 mater
1123 1518 1286 1557 humum.

354 1589 480 1630 Obvia
502 1589 695 1639 procedit,
726 1588 871 1636 rigidos
894 1586 1028 1625 inculta
1049 1587 1227 1637 capillos,

411 1660 532 1708 Seque
553 1659 634 1697 duci
658 1666 768 1696 totam
787 1657 843 1694 dat
862 1655 1022 1706 glacialis
1044 1655 1191 1693 Hiems.

355 1732 519 1780 Solaque
539 1740 588 1767 ne
615 1726 721 1766 telius
742 1734 842 1764 tanto
865 1725 1036 1773 gauderet
1056 1725 1228 1771 honore,

411 1799 543 1839 Pandit
558 1797 593 1836 ei
615 1795 761 1833 facilem
783 1803 852 1842 per
871 1791 960 1829 vada
980 1791 1067 1829 dura
1089 1793 1198 1830 viam.

360 1869 523 1909 Plurima
541 1866 629 1914 quin
654 1863 734 1901 illic
755 1860 907 1912 cupidae
929 1860 1127 1910 speeacuia
1150 1861 1289 1907 menti,

415 1934 600 1983 Principis
623 1932 664 1969 ad
682 1939 809 1969 nutum
828 1940 941 1978 gnava
955 1956 964 1972 ,
995 1920 1171 1966 ministrat
1192 1929 1323 1970 hiernS.

361 2010 494 2048 Ferrea
514 2004 745 2055 praepetibus
768 1999 877 2037 nectit
896 1997 1016 2036 talaria
1037 1997 1190 2046 plantis,

418 2075 466 2114 Et
489 2073 632 2112 celeres
655 2070 789 2119 linquit
808 2068 891 2118 post
913 2067 970 2105 sua
988 2075 1087 2116 terga
1110 2073 1236 2104 notos.
