1527 2807
315 294 568 334 itant
681 294 1110 335 exoa-113

103 405 216 456 ,Hoc
235 405 324 452 tibi,
352 415 446 455 quae
467 402 549 442 diro
567 404 691 454 pafflm
712 405 857 453 grassata
876 416 1026 446 veneno

182 477 261 516 Tot
280 477 399 526 rapuit
418 476 521 514 cives
542 474 655 524 pestis
675 481 779 513 avara
798 485 905 522 tuos;

129 545 216 586 Hoc
231 546 299 584 tibi
319 546 427 594 longa
450 543 585 593 fames,
614 546 789 593 tectisque
810 546 959 585 immiffa
981 543 1179 596 superbis,
1219 572 1221 574 -

182 615 355 665 Improba
374 624 466 664 quae
486 615 618 663 patrias
638 614 777 652 flamma
799 615 950 652 vorabat
967 619 1090 666 opes;

125 685 251 738 Quum
267 693 327 724 tua
351 694 386 723 te
407 687 521 723 virtus
541 694 612 732 pro
635 682 800 720 libertate
822 683 953 721 Batava

183 753 334 803 Impulit
356 754 510 792 hostiles
530 753 709 799 spernere
729 750 830 801 posse
852 752 989 801 minas,

128 824 298 872 Asturiae
316 824 428 863 fastus
449 822 681 864 contundere
701 829 782 860 nata
801 819 946 859 feroces
958 837 970 868 3

180 893 266 930 Hoc
289 894 354 930 tibi
379 900 467 931 tunc
486 897 636 944 privum
656 893 861 933 conciliare
884 891 1014 931 decus.

127 957 266 1002 vivite
287 973 481 1002 vernantes
503 972 710 1010 aeternum,
742 964 860 1001 vivite
882 961 974 1001 lauri
988 989 1001 1007 .

182 1031 331 1071 Confita
353 1032 530 1073 Doufiaca
550 1036 718 1084 germina
738 1033 830 1072 laeta
851 1042 985 1070 manu.-

128 1101 284 1141 Vivite:
312 1102 361 1141 fic
382 1103 510 1142 vestris
531 1103 649 1152 pubes
672 1101 862 1141 numerosa
887 1101 950 1139 sub
976 1098 1119 1138 umbris

181 1170 320 1219 Ludat,
353 1181 392 1212 et
410 1173 586 1212 aethereo
609 1183 698 1211 rore
717 1172 895 1211 madescat
918 1171 1077 1209 humus:

131 1243 289 1296 Quaque
309 1251 428 1293 patet,
458 1241 616 1291 liquidae
640 1254 743 1293 quam
765 1241 923 1291 plutima
942 1240 1046 1278 vocis
1067 1236 1191 1279 aedon

186 1313 342 1362 Impleat
362 1312 528 1362 Orpheis
551 1314 714 1351 cantibus
739 1322 850 1350 omne
874 1321 1018 1350 nemus.

128 1382 179 1423 Et
200 1392 260 1427 tu,
292 1382 426 1420 Rhene
445 1388 549 1430 pater
566 1411 575 1427 ,
606 1384 671 1431 qui
693 1382 824 1421 rudera
844 1380 960 1429 prisca
982 1377 1194 1431 Quiritum,

184 1452 312 1491 Mersa
331 1452 394 1491 sub
416 1453 660 1500 aequoribus,
690 1452 812 1490 cernis
831 1449 876 1488 ab
895 1460 998 1487 amne
1023 1445 1180 1496 procul;

130 1522 208 1570 Hic
228 1522 290 1560 ubi
311 1521 499 1560 cattorum
519 1533 608 1571 gens
628 1522 716 1561 dura
737 1521 892 1570 mapalia
909 1516 1093 1568 quondam

187 1593 283 1630 Rara
306 1603 375 1641 per
397 1591 550 1630 incultas
576 1592 787 1641 disposuere
808 1591 908 1634 vi233

133 1662 220 1707 Tu,
252 1661 340 1704 licet
361 1661 451 1698 heu!
484 1661 624 1700 Rheno
645 1669 817 1711 quantum
840 1664 992 1696 mutatus
1012 1654 1056 1692 ab
1077 1653 1147 1694 illo
1156 1656 1176 1702 ,¹
1212 1679 1215 1683 -

186 1732 264 1784 Qui
286 1731 463 1771 tumidum
483 1731 625 1780 rapidas
647 1732 685 1770 in
709 1741 806 1768 mare
834 1725 958 1766 volvit
978 1735 1084 1774 aquas
1101 1751 1117 1775 ,

135 1801 310 1842 Collibus
333 1801 491 1839 iniectae
514 1811 613 1839 nunc
634 1798 726 1836 ostia
749 1796 887 1835 clausus
914 1805 1070 1841 arenae,

190 1871 262 1909 Per
281 1870 368 1907 vada
390 1869 522 1908 litnoso
552 1866 697 1906 tramite
719 1865 841 1906 lentus
861 1876 942 1912 eas3

138 1942 264 1984 Macte
283 1942 407 1979 animo
436 1948 579 1985 tamen,
610 1946 647 1978 et
668 1938 790 1978 vultus
812 1935 967 1975 ostende
988 1936 1159 1976 serenos:

191 2006 298 2051 Hanc
318 2016 378 2046 tua
397 2016 433 2046 te
453 2007 593 2045 cladem
612 2007 728 2046 Leida
748 2006 877 2046 dolere
902 2014 1013 2045 vetat.

138 2074 249 2119 Illius
268 2077 433 2126 auspiciis
456 2077 524 2115 tibi
546 2077 650 2115 venit
668 2076 707 2116 ἰι
727 2077 818 2115 orbe
837 2083 988 2114 remoto

199 2144 334 2186 61οῐἰᾶ
341 2172 357 2197 ‚
383 2156 475 2198 quae
490 2146 628 2188 damnis
654 2146 777 2186 crevit
792 2145 838 2185 ab
861 2144 935 2198 ipsa
956 2143 1047 2186 tuis·

691 2216 721 2257 b
884 2210 890 2218 .
