1527 2807
276 334 1067 368 13815101113

106 439 154 480 Et
171 438 329 478 merito:
353 436 444 486 quid
462 437 594 477 enim?
619 444 773 477 veteres
797 448 873 476 non
896 436 1020 478 laurea
1038 447 1140 478 ceras

159 507 368 546 Dedecorat
391 505 503 544 Clarii
523 507 662 546 vertice
685 506 775 545 lecta
796 508 887 557 iugi.

104 576 202 623 Dic,
223 587 288 627 age
305 577 313 612 Ι
335 578 552 626 progenitos
571 575 646 614 alto
669 587 754 614 num
776 577 946 625 sanguine
966 575 1110 615 Doufas

154 648 302 687 Detexit
319 646 482 684 Aonium
505 645 715 685 demeruisse
738 645 924 683 chorum?

106 716 332 756 Kinschotio
354 712 534 753 celebrata
554 716 645 764 su0,
672 726 757 754 num
780 714 910 753 rustica
935 716 1036 754 cultu

160 784 299 824 Dinula
319 784 556 823 Kinschotios
575 783 713 822 fraudat
732 783 880 823 honore
902 784 996 823 lares
1013 784 1034 822 2

104 855 142 893 Ο
166 864 312 906 pereat,
342 855 404 904 qui
425 854 556 892 mentis
576 855 682 902 inops
702 853 766 892 fibi
787 854 872 892 talia
891 853 998 903 fingit

160 926 334 973 Somnia,
363 934 457 972 quae
478 925 602 973 pueris
623 925 721 962 ebria
742 932 865 963 narret
885 934 988 962 anus.

104 994 196 1033 Non
218 994 290 1031 hoc
310 993 546 1031 Kinschotios
560 1022 571 1040 ‚
600 1004 677 1032 non
699 990 787 1033 illud
808 993 888 1032 labe
915 992 1061 1031 notavit

156 1062 360 1101 Dousarum
381 1063 557 1101 illustrem
576 1062 882 1113 conspicuamque
904 1060 1066 1100 domum.

99 1131 307 1182 Heiqfiadis
331 1142 400 1170 nec
424 1138 531 1182 turpe
551 1129 622 1170 fuit
640 1141 803 1181 gnatove
819 1162 829 1179 ‚
855 1133 1025 1183 patrive,

157 1201 314 1240 Carmen
337 1201 379 1239 ad
398 1201 579 1240 Ausonias
600 1203 833 1242 concinuisse
855 1202 958 1242 fides.

97 1268 189 1307 Non
209 1267 280 1309 fuit
305 1270 538 1322 opprobrio,
569 1282 675 1320 quern
696 1272 843 1322 suspicit
862 1271 1011 1311 ultimus
1038 1270 1167 1322 orbis,

154 1338 299 1378 Pollice
321 1341 520 1379 Grotiadae
539 1342 699 1380 barbitos
721 1343 796 1380 icta
815 1341 891 1387 sui;

99 1408 319 1454 Grotiadae,
347 1410 448 1446 cuius
473 1409 613 1447 sanctos
635 1410 719 1458 post
741 1409 869 1449 funera
891 1422 1014 1449 manes

153 1479 334 1517 Dentibus
355 1477 448 1516 haud
470 1480 599 1517 metuit
619 1479 754 1518 rodere
777 1481 896 1519 Livor
916 1481 1027 1518 iners.

99 1545 173 1586 Sed
195 1545 342 1585 valeant
365 1547 513 1596 ingrata.
569 1549 662 1599 polo
685 1550 937 1600 transcriptus,
968 1550 1112 1588 hiantes

80 1649 88 1660 ,
151 1614 318 1653 Invidiae
337 1617 446 1655 rictus
476 1617 631 1668 despicit
650 1617 749 1656 albus
770 1620 873 1660 olor:

99 1683 269 1733 Despicit
290 1693 327 1723 et
346 1686 464 1736 longo
489 1689 751 1727 memorabz'tur
773 1689 932 1739 inclytus
954 1701 1075 1737 aevu,

154 1753 310 1800 Donec,
338 1766 430 1806 epos
451 1757 594 1797 Latium
619 1759 683 1807 qui
703 1758 824 1807 legat,
854 1758 950 1797 ullus
970 1761 1055 1797 erit.

99 1822 295 1872 Denique,
323 1826 508 1865 Romanas
529 1838 600 1875 ne,
631 1828 774 1867 Censor
802 1829 953 1878 inepte,
986 1828 1162 1868 Camenas

153 1892 228 1931 Hic
248 1901 383 1934 tantum
406 1898 443 1935 in
467 1905 586 1948 partes
602 1927 613 1945 ,
644 1899 708 1948 qui
728 1897 901 1943 coluere,
935 1907 1087 1944 vocem;

102 1959 271 2010 Ecquid,
289 1967 454 2014 equestre
473 1967 583 2007 decus
602 1980 710 2019 quem
730 1967 1005 2006 commendabat
1025 1967 1208 2015 avorum‘,⁸

157 2029 336 2078 Hugenio
355 2037 483 2074 nocuit
504 2037 651 2087 Belgica
674 2038 780 2076 Musa
803 2038 897 2077 suo?
965 2029 978 2031 ⁴

105 2095 182 2138 Aut
200 2100 370 2141 maculam
387 2105 557 2155 adspersit
576 2105 750 2144 natalibus
770 2108 936 2147 Hoofdia
961 2107 1072 2154 Clio,

163 2166 265 2220 Quae
280 2170 406 2211 Batavi
427 2182 616 2214 aeternum
633 2174 802 2215 condidit
825 2177 903 2215 oris
926 2178 1051 2229 opus?

663 2255 734 2292 ⁶3
