1527 2807
407 319 845 350 LYRICA.
1121 321 1198 361 195

77 397 193 454 Pareo
221 421 370 464 pectora
397 418 459 463 qui
490 417 606 458 citatis
638 420 786 465 oestro,

76 484 249 530 Vestras,
281 486 451 530 numina,
482 498 539 523 res
571 487 700 524 habete
729 476 851 525 vobi's.

74 554 183 593 Vates
212 556 394 604 optimus,
426 558 659 605 optimusque
689 557 808 603 civis,

71 622 151 661 Vos
179 623 248 661 iam
278 624 450 662 Francius
479 637 526 663 en
558 625 683 663 valere
712 625 820 662 iuffit.

73 692 186 732 Hunc
213 693 306 731 alter
335 694 437 731 Deus
474 695 675 744 occupavit
703 705 865 732 omnem.

71 764 222 802 Numen
255 763 409 801 Castalia
436 763 591 800 cohorte
622 764 730 800 maius

71 833 214 872 Nostro
244 834 366 871 victor
393 831 564 870 Arausius
592 834 726 882 poetae
750 831 818 869 est.

767 963 871 990 Nlc.
913 964 1180 994 Hn1N51VS·

113 1193 202 1231 IN
256 1192 424 1230 IOH.
479 1185 1129 1231 VOLLENHOVII

235 1300 412 1340 Com-iones
439 1300 477 1338 de
503 1298 694 1338 excellencia
726 1297 869 1336 hominis
896 1295 998 1345 iusti.

73 1405 195 1512 Qui
219 1455 340 1486 mente
364 1446 529 1496 Superos
547 1475 557 1492 ‚
584 1451 707 1482 mente
728 1443 810 1482 scita
831 1442 968 1482 diarum

69 1513 231 1554 Aeterna
251 1511 374 1555 rerum
395 1517 517 1554 volvis
532 1545 541 1561 ,
573 1512 714 1551 aetheri
739 1513 897 1560 adfixus,

70 1584 265 1634 Inhiasque
287 1588 420 1633 vitam,
453 1585 570 1635 qualis
590 1584 672 1629 illa,
704 1595 792 1631 quae
813 1585 957 1633 praesto
978 1585 1032 1623 cst

68 1652 153 1690 Hac
173 1653 257 1692 luce
273 1655 370 1693 caffis
383 1684 393 1700 ,
424 1656 519 1692 inter
541 1653 647 1691 ardua
668 1651 843 1691 astrorum
860 1682 873 1697 ,

67 1718 216 1760 Numen
235 1722 405 1769 sonante,
437 1734 523 1761 mox
543 1721 682 1770 agenda
701 1733 782 1759 curn
810 1730 939 1772 cantu,

70 1791 161 1828 Cum
189 1791 417 1840 gaudioque,
447 1793 544 1843 quod
576 1790 718 1829 doloris
749 1793 929 1841 ignaram,

69 1861 155 1899 Nec
173 1862 258 1898 curii
279 1861 411 1902 adesam
426 1892 436 1909 ‚
466 1866 550 1913 iuge
569 1864 676 1901 ducet
699 1871 874 1908 aetate1n3

71 1930 161 1982 Qui)
190 1930 426 1969 Vollenhovi
454 1931 611 1981 spectet,
642 1942 724 1969 acer
746 1933 914 1979 intende,

69 1999 162 2037 Vox
183 1999 370 2045 entheata,
399 2000 546 2050 qunque
566 2000 686 2050 lingua
711 2010 748 2041 te
768 2002 900 2048 ducat,

71 2066 195 2116 Spiss'o
215 2068 389 2119 supernae
412 2070 523 2109 melle
550 2071 749 2120 perpluens
779 2071 884 2120 legis.

72 2137 149 2176 Hic
176 2136 214 2178 se
234 2138 299 2187 ille
322 2139 514 2190 Christus,
544 2141 608 2189 qui
631 2140 767 2190 piaculi
788 2151 920 2178 noxam

608 2221 624 2246 o
652 2218 674 2246 2
