1527 2807
334 182 392 227 26
603 179 791 226 Larua.
841 185 1155 227 SANTsz

336 343 428 383 Non
446 352 564 381 tamen
582 351 623 381 ut
642 342 772 381 mentis
788 344 938 383 referam
960 346 1074 393 longo
1097 346 1226 385 ordine
1245 345 1373 396 dotes,

388 424 488 468 Aut,
517 421 656 460 exstant
678 423 788 461 Genii
810 434 904 472 quot
922 424 1111 462 benefaera
1130 427 1207 470 tui;

335 500 534 540 noem-inae
555 510 618 538 aut
636 502 756 540 animo
779 513 873 550 quae
895 502 1005 549 copia
1025 503 1142 540 clausa
1161 504 1314 551 capaci,

391 579 516 617 Gratia
534 580 658 618 nativo
679 591 814 628 quanta
835 584 963 628 lepore
983 580 1066 620 fuit.

332 656 390 695 Da
411 658 576 705 veniam,
603 659 725 697 nostro
749 661 874 698 teritur
894 660 1013 698 minor
1032 671 1113 697 area
1134 671 1266 706 curru,

388 734 440 773 Et
460 736 585 785 chelys
607 737 653 775 ad
675 747 793 775 tantos
820 738 945 776 deficit
965 739 1033 776 iera
1054 737 1203 776 modos.

332 811 420 851 Hoc
442 824 523 862 agat
544 817 706 864 eloquii,
736 816 979 861 Schraderus,
1007 828 1132 854 norma
1155 816 1301 860 Latini,

385 891 541 932 Musave
564 894 793 941 Burmanno,
823 896 975 934 Grotius
989 925 1000 942 ‚
1028 906 1145 942 aequa
1166 893 1246 932 suo.

333 967 421 1007 Hoc
441 971 507 1009 tibi
526 973 703 1020 persolvit
722 973 794 1021 J'am
814 973 894 1011 tersi
916 975 1060 1013 Tollius
1083 974 1157 1010 oris

386 1047 580 1097 Officium,
610 1052 741 1090 Manes
764 1052 1017 1100 demeruitque
1037 1062 1174 1090 novos,

331 1123 391 1163 Mi
411 1127 499 1164 lieet
517 1139 681 1178 ereptum
700 1132 844 1168 lacrima
863 1142 1073 1179 respergere
1092 1130 1248 1167 amicum
1262 1156 1274 1170 ,

384 1203 445 1240 Mi
468 1205 773 1256 Praeceptorern3
800 1211 850 1246 mi
870 1220 949 1246 mea
972 1209 1098 1246 damna
1118 1208 1237 1254 queri.

332 1280 495 1319 Eosdem
517 1286 606 1323 olim
625 1289 779 1334 gemitus
801 1288 958 1335 genitori
977 1288 1014 1324 in
1036 1287 1163 1324 funere
1182 1285 1261 1323 fudi
1274 1312 1287 1330 ,

384 1360 465 1397 Hos
488 1372 558 1410 ego
582 1363 753 1412 fingultus
776 1365 822 1402 ad
841 1365 902 1402 sua
921 1365 1024 1402 busta
1045 1365 1125 1402 tuli.

331 1436 516 1478 Noetibus
537 1452 557 1477 a
581 1453 668 1480 nota
687 1444 775 1481 mihi
794 1444 931 1493 pendet
953 1444 1107 1491 imagine
1126 1441 1270 1479 somnus
1285 1468 1297 1485 ‚

379 1516 477 1555 Ante
499 1521 730 1568 oculosque,
758 1522 891 1568 senex,
921 1522 986 1559 stas
1007 1518 1212 1559 venerande
1232 1529 1350 1556 meos.

330 1593 387 1632 Te
408 1595 560 1643 bifidas,
589 1599 759 1645 memini,
789 1600 886 1637 duce
909 1600 1078 1637 scandere
1099 1597 1192 1634 nisus
1215 1597 1250 1633 in
1278 1605 1378 1632 arces

379 1672 620 1722 Laurigeruxn
641 1688 661 1713 a
683 1678 814 1715 teneris
834 1679 905 1726 Jam
925 1676 1125 1714 meditabar
1143 1675 1222 1712 iter.

325 1750 363 1788 Ο
385 1753 541 1798 monita!
573 1766 597 1792 0
620 1755 743 1793 studiis
764 1766 960 1803 praecepta
980 1753 1131 1792 salubria
1151 1752 1304 1798 nostris,

380 1829 500 1869 Paene
519 1831 689 1872 sodalitio
712 1845 806 1882 quae
823 1834 912 1871 mihi
932 1843 1035 1871 more
1057 1831 1190 1869 dabas!

325 1906 384 1945 Tu
399 1936 410 1954 ‚
439 1920 524 1947 eum
547 1910 692 1950 divitias
713 1911 908 1961 sponderet
926 1909 1110 1948 Atlantide
1130 1918 1233 1946 natus
1246 1935 1260 1955 ‚

378 1988 601 2037 MajUgenae
631 1992 809 2040 urguebas
828 1992 938 2028 altera
959 1988 1069 2026 castra
1088 1987 1203 2034 sequi.

324 2065 408 2104 Nec
429 2067 553 2115 piget,
582 2079 644 2108 aut
661 2069 783 2117 legisse
801 2069 890 2106 mihi
913 2067 987 2105 sum
1009 2066 1105 2104 visus
1130 2066 1265 2111 inepte,

377 2144 438 2184 Sic
461 2148 507 2185 0!
538 2145 586 2186 fic
608 2149 756 2197 inopem
777 2159 852 2187 non
871 2158 988 2193 onus‚
1019 2144 1112 2190 ess‘e,
1139 2151 1245 2191 puto.
