1527 2807
362 245 400 282 'n‘
442 255 472 288 r,
517 252 541 285 ι
599 251 629 283 ιμ
668 249 710 281 ¹
762 250 818 278 n*
847 249 889 277 1·-
918 241 966 281 κέ
1134 245 1207 290 567

75 349 206 394 vivite
232 352 467 397 concordes,
502 350 645 395 fausto,
680 359 749 398 par
777 349 933 397 nobile,
964 353 1130 390 iunctum

75 424 239 470 Sidere,
272 423 378 471 digna
407 428 473 458 tuo
500 420 667 461 coniux,
699 416 873 464 Galatea,
904 420 1063 463 marito,

71 494 202 542 Digne
230 492 358 531 marite
389 488 471 533 tui,
502 488 681 526 cariffime
708 488 890 538 Daphni,
922 489 1075 532 marite:

74 563 210 602 vivite
242 557 471 607 concordes;
502 556 550 595 fic
581 559 681 597 vitae
711 567 880 608 tempora
911 559 1060 596 vestrae

73 631 293 671 Coelicolae
319 628 459 677 Pyliam
490 625 628 666 faciant
659 627 827 676 superare
858 627 1062 666 senectam!

76 700 211 738 Vivite
241 695 451 736 concordes
469 697 672 745 ‚inmunis
702 703 857 744 uterque
889 695 1092 746 malorum,

76 768 288 821 Donec-in
321 765 437 816 Elyfii
468 766 632 804 nemoris
664 765 833 804 Libitina
862 764 1011 813 beatas,

79 839 193 876 Certa
217 835 329 880 licet,
358 832 473 873 modi)
505 836 581 874 sera
604 846 755 879 tamen,
786 845 854 872 vos
878 837 1079 874 transferat
1097 840 1199 877 oras!

80 900 236 945 vivite!
268 903 333 943 sed
364 903 446 942 satis
475 907 556 945 est:
586 907 654 944 iam
676 905 810 944 deserit
829 905 1023 952 Hesperus
1037 905 1201 953 Oetam,

78 976 127 1016 Et
159 976 270 1025 nigro
301 985 381 1013 nox
408 982 485 1013 atra
514 973 629 1023 polos
657 974 827 1011 involvit
858 975 1010 1026 amictu.

77 1047 158 1084 Ite!
193 1045 348 1093 (torum
380 1042 535 1080 blandae
567 1041 656 1079 iussu
687 1042 817 1079 lasciva
850 1043 1013 1082 Diones,

79 1113 255 1153 Floribus
286 1111 533 1162 Euphrosyne
563 1110 811 1160 fragrantibus
842 1111 1011 1162 undique
1034 1111 1204 1164 sparfit.)

83 1185 166 1230 Ite,
199 1191 306 1222 tener
334 1180 412 1231 que>
443 1192 513 1219 vos
542 1190 655 1219 vocat
683 1181 725 1218 ad
757 1182 817 1219 sua
845 1182 946 1220 bella
978 1181 1149 1231 Cupidoi

83 1321 224 1376 Quid?
257 1321 411 1361 Galatea
441 1317 585 1368 negas?
615 1316 734 1367 quid?
762 1317 992 1367 virginitatis
1021 1329 1153 1367 avara,

81 1389 298 1441 Daphnidis
333 1388 400 1428 illa
430 1390 509 1435 tui,
539 1389 655 1427 toties
685 1394 841 1436 optata,
871 1389 1030 1444 moraris

87 1445 262 1498 Gaudia?
293 1452 355 1507 Qui
389 1466 494 1496 texto
524 1458 666 1497 vestros
697 1457 888 1495 adamante
916 1458 1054 1506 ligavit

87 1529 216 1575 Castus
235 1527 383 1577 Hymen
410 1528 581 1570 animos,
612 1533 648 1563 et
669 1535 831 1575 corpora
853 1527 1004 1575 iungat,
1035 1536 1205 1578 oportet.v

85 1599 192 1637 Exue
221 1597 434 1646 virgineum
465 1596 574 1634 nimis
603 1607 627 1632 0
658 1593 870 1644 pudibunda
900 1595 1101 1641 pudorem!

87 1669 208 1708 Ferre
219 1677 340 1704 moras
352 1676 422 1703 nec
433 1667 532 1704 enim
545 1665 723 1713 Daphnis
735 1674 814 1703 tuus
826 1664 1204 1715 (adspiceDapbninl)

90 1735 264 1777 Sustinet
291 1735 465 1774 ulterit'is.
498 1735 556 1773 sed
587 1735 777 1779 fallimur;
807 1733 911 1772 ardet
941 1741 981 1771 et
1010 1735 1085 1783 ipsa

90 1806 246 1848 Iresub
272 1805 465 1854 amplexus
492 1804 568 1841 cari
597 1813 696 1840 nova
727 1811 840 1851 nupta
869 1802 1004 1840 mariti.

93 1875 203 1925 Ergo
216 1901 228 1921 ‚
241 1875 336 1922 agite
351 1904 361 1921 ‚
375 1875 413 1913 in
425 1875 621 1913 thalamum
638 1872 830 1911 Galateam
845 1869 987 1916 ducite,
1005 1876 1191 1924 nymphae
1203 1904 1216 1926 ,

100 1947 332 1984 Cantantes:
362 1944 513 1983 Galatea
541 1942 642 1981 suum
673 1941 836 1990 respexit
866 1951 1057 1980 amantem.

101 2013 190 2055 Huc
209 2013 328 2062 ades,
356 2024 380 2052 0
402 2015 643 2066 Hymenaee,
665 2008 774 2058 fave,
795 2011 909 2059 fave,
930 2022 955 2049 o
975 2011 1212 2063 Hymenaee!

682 2159 777 2203 ⁰⁰4
