1527 2807
264 293 353 347 '496-
534 302 1130 351 annotata.

268 407 331 449 Tu
359 405 478 453 verb,
510 405 678 456 egregii,
708 405 874 452 dilecte,
904 406 1066 456 parentis
1093 408 1240 457 imago,

327 479 533 526 Temporis
566 478 638 516 alta
666 477 718 514 tui
748 477 891 524 gloria,
921 476 1050 514 noster
1081 489 1207 524 arnon

271 546 354 591 Tu,
386 548 452 584 tibi
489 545 633 584 delatas
664 546 797 584 divino
827 547 1000 590 numine,
1030 556 1158 594 partes

324 614 506 664 Suscipe‚
537 616 799 654 christicolam
828 617 976 665 pascere
1006 617 1081 653 rite
1112 627 1278 664 gregem.

266 685 346 723 Iam
371 693 492 731 patet,
523 693 560 721 et
583 688 738 733 merito,
775 688 1060 736 (rumpentibus
1092 685 1154 724 ilia
1186 684 1363 735 Cojria.)

322 754 484 792 Dotibus
519 754 661 802 ingenii
684 754 792 793 scena
814 756 1004 804 perampla
1035 758 1104 795 tui.

267 825 366 863 Iam.
400 825 471 862 tibi
501 824 694 872 congestas
722 824 809 861 cura
841 824 1046 870 vigilante,
1077 822 1204 864 licebit

321 894 499 931 Promere
529 891 723 930 doctrinae
755 891 951 929 nobilioris
982 902 1087 940 opes.

268 963 307 1002 Ο
337 964 463 1000 bene!
493 960 595 1009 quod
625 971 764 998 merces
793 960 861 998 tibi
891 959 1004 1008 digna
1035 959 1226 997 laboribus
1257 956 1361 1005 illis,

322 1030 436 1083 Qu'oi
467 1031 620 1066 veniant
651 1028 773 1065 studio
802 1038 954 1065 munera
985 1027 1093 1076 digna
1115 1038 1194 1065 tuo.

264 1101 457 1141 Noctibus
487 1099 651 1138 emeritis
681 1098 781 1145 turpi
811 1095 988 1143 languere
1018 1102 1180 1132 veterno

320 1169 434 1207 Plebs
461 1176 554 1204 amet
582 1167 620 1204 in
653 1166 794 1204 medios
823 1164 1000 1203 defiuiosa
1029 1164 1120 1203 dies.

265 1240 325 1278 Ite
354 1237 489 1287 procul
520 1238 673 1284 segnes,
703 1234 935 1281 onerosaque
965 1233 1132 1282 pondera
1160 1239 1305 1280 terrae,

323 1305 466 1352 Vulgus
498 1307 620 1350 iners,
654 1313 807 1340 vacuum
835 1300 952 1341 laudis
981 1313 1108 1340 amore
1137 1313 1267 1351 genus.

266 1372 327 1411 Te
357 1373 453 1421 pede
483 1383 560 1410 non
593 1372 713 1410 dubio
743 1381 810 1420 per
842 1381 970 1410 acutos
1004 1381 1160 1421 carpere
1191 1372 1311 1411 sentes

321 1443 379 1481 Ad
408 1441 548 1481 solidae
580 1443 730 1479 culmen
761 1439 995 1488 cognitionis
1022 1443 1115 1487 iter3

264 1510 551 1559 Difficilemque
583 1509 704 1557 sequi,
738 1519 879 1549 mentes
910 1509 1092 1547 heroibus
1124 1519 1231 1550 ortae

320 1582 436 1633 Quam
466 1589 669 1629 praeeunt,
700 1582 849 1629 populo
880 1581 986 1617 turba
1018 1589 1180 1626 remota,
1212 1583 1336 1628 viam;

266 1652 328 1692 Te
360 1654 462 1689 iuvat
492 1653 526 1688 in
563 1649 687 1687 studiis
718 1659 866 1687 omnem
897 1649 1059 1697 posuisse
1090 1650 1282 1697 laborem3

325 1723 430 1760 Haec
463 1727 631 1759 recreant
659 1719 817 1755 animum
847 1716 922 1754 sola
954 1725 1155 1766 tenentque
1184 1727 1302 1759 tuum.

265 1790 346 1829 Vos
375 1802 469 1838 ege,
500 1789 696 1837 Belgarum
715 1817 724 1832 ,
756 1787 996 1830 Traiectum,
1025 1786 1165 1833 testor,
1187 1789 1389 1839 Athenae,

321 1860 473 1897 Artibus
504 1857 680 1906 ingenuis
709 1854 874 1893 officiosa
905 1866 1051 1903 parens.

261 1928 343 1966 Vos
374 1927 523 1964 iuvenis
549 1928 667 1963 coluit
689 1924 824 1962 multos
855 1924 1084 1972 Bruggenius
1121 1938 1260 1976 annos,

321 1994 358 2032 O
389 1993 522 2040 decus,
554 2005 578 2031 o
609 1993 726 2031 nostri
758 1992 827 2030 flos
857 2002 892 2031 et
922 1993 1044 2032 ocelle
1077 1996 1157 2034 soli.

265 2062 407 2103 Testor
437 2072 473 2100 et
502 2070 672 2108 acceptos
704 2063 873 2111 Sophiae
906 2063 1086 2101 Doctoris
1114 2065 1314 2115 honores,

323 2132 446 2178 Care,
478 2131 546 2170 tibi
575 2134 710 2172 merito
739 2131 932 2184 splendida
962 2133 1062 2172 dona
1089 2141 1181 2180 ωας
1202 2148 1212 2156 ·
