1527 2807
353 339 947 381 n·rrtu=·1x.'
1134 336 1218 394 373

95 450 320 499 Gratarique
349 459 476 488 novos
503 454 652 496 partus,
684 449 904 498 prolemque
934 446 1111 496 virilem,

149 520 235 572 Qua
265 527 325 557 tua
354 526 392 556 te
420 516 591 565 tandem,
622 519 740 563 Iane,
774 520 900 557 marita
930 520 1033 559 beat.

102 589 208 639 Ipsa,
238 587 327 626 licet
354 587 499 637 pulcras
527 588 643 626 toties
673 588 790 627 enixa
818 586 989 639 puellas,

153 658 331 697 Frustrata
365 656 419 695 est
447 655 575 706 cupidi
606 655 655 696 fic
682 655 835 707 qudque
858 663 946 694 vota
974 657 1109 708 patrisi

101 726 271 765 Indoluit
297 725 502 776 Phoebus,
532 728 735 778 castamque
764 727 831 765 hac
857 738 956 766 voce
985 727 1184 776 sororem3
1220 764 1222 766 .

153 797 258 849 Quae
288 795 422 835 tumidi
452 795 561 835 solvit
589 798 760 847 pondera
789 798 959 843 ventris,
989 796 1088 836 adit:

100 892 126 912 „
158 864 200 904 Si
228 862 342 902 frater
371 865 545 903 Phoebus
575 866 661 912 tibi;
694 874 805 915 teque
836 865 991 904 erratica
1017 865 1170 913 Delos,·
1218 890 1224 894 -

150 963 176 980 ‚,
208 935 351 983 Meque
382 933 508 980 sunni,
535 932 635 972 testis
665 933 690 971 fi
723 933 910 984 peperisse
941 932 1072 980 deam,

101 1033 128 1053 „
157 1006 246 1044 Hoc
267 1005 440 1054 precibus
453 1003 523 1049 da,
545 1012 630 1039 cara
644 1030 654 1047 ‚
668 1001 760 1039 meis
772 1003 1020 1051 precibusque
1030 999 1230 1055 meorum}

156 1103 184 1122 „
216 1073 337 1123 Lapsa
365 1072 446 1112 solo
475 1071 624 1119 penitus
655 1080 703 1107 ne
733 1081 815 1108 mea
843 1071 979 1121 templa
1004 1080 1165 1120 gemam.

104 1169 132 1193 ‚‚
165 1142 409 1182 Adcumulata
436 1151 536 1178 meos
565 1138 770 1191 rapuerunt
799 1139 931 1178 funera
962 1139 1112 1188 mystas,

156 1242 184 1260 ‚,
215 1214 359 1251 Funera
387 1220 461 1249 nec
489 1208 614 1259 mystis
646 1209 726 1257 spes
756 1220 930 1259 reparare
958 1211 1084 1250 novIs.

103 1310 132 1331 „
163 1282 344 1321 Barbarie
376 1287 581 1329 regnante,
611 1277 708 1316 colat
738 1277 807 1315 nifi
837 1279 899 1326 qui
930 1290 1012 1318 mea
1041 1280 1165 1330 sacr2,'

158 1381 182 1398 ‚‚
216 1352 291 1404 Qui
321 1350 412 1388 mihi
442 1350 666 1399 progeniem
695 1347 884 1396 destinet,
914 1354 1038 1401 ecquis
1069 1354 1178 1395 erit?

104 1451 132 1471 ,‚
162 1422 316 1475 Quique
345 1421 496 1465 colunt,
527 1417 676 1456 steriles
698 1426 760 1456 aut
787 1420 1030 1469 experiuntur
1057 1424 1235 1470 amores}

160 1519 188 1538 ,‚
218 1489 405 1538 Praecipit
434 1498 493 1528 aut
521 1487 652 1527 meffes
683 1486 842 1538 piurima
872 1495 953 1526 nata
985 1501 1102 1531 meas.

107 1588 132 1606 ‚,
162 1558 356 1609 Adspicis,
386 1552 568 1595 ut'fetum
599 1556 710 1595 toties
740 1556 892 1607 Regina
921 1560 1084 1600 Nodelii

159 1657 187 1676 „
217 1628 344 1667 Poscat
373 1637 470 1666 voce
500 1625 599 1665 nihil
630 1627 853 1676 proficiente
882 1640 1033 1670 marem.

109 1726 136 1746 ‚,
168 1698 238 1736 Ilia
267 1698 394 1736 virum
423 1696 531 1735 faciat
560 1695 706 1744 sperata
735 1697 850 1746 prole
878 1709 1095 1752 parentem,

160 1795 189 1817 ‚,
220 1769 339 1821 Quam
369 1766 515 1804 valeam
545 1766 691 1815 tempiis
720 1763 914 1805 adseruiffe
945 1769 1047 1806 meis.

106 1869 133 1888 ,‚
163 1840 257 1878 Non
289 1838 456 1884 ingratus
486 1835 578 1880 erit;
612 1833 708 1873 festo
739 1835 774 1873 se
805 1835 973 1874 carmine
1001 1835 1164 1885 damnat;
1222 1869 1226 1872 ,

162 1929 189 1952 ‚,
219 1905 265 1943 Et
293 1903 439 1940 virtutis
469 1904 540 1941 erit
569 1915 730 1952 praeco,
765 1904 908 1952 Diana,
940 1914 1040 1946 tuae.
1054 1909 1073 1923 '’

115 1975 215 2014 Orat
237 1973 338 2010 idetn
349 1968 543 2009 Aonidum
567 1972 705 2010 chorus
729 1974 851 2011 omnis
870 1982 907 2012 et
926 1975 1064 2015 innuba
1082 1974 1235 2030 Paliasj'

166 2044 365 2096 Quotquot
391 2048 431 2078 et
459 2040 616 2080 Aonifin
647 2041 763 2091 dique
795 2043 959 2093 deaeque
988 2043 1133 2085 favent.

114 2114 187 2154 Sed
218 2111 349 2150 Venus
379 2118 415 2148 et
445 2111 622 2150 Charites
652 2122 691 2150 et
721 2113 841 2151 Amor
871 2109 1024 2162 petiere
1047 2113 1239 2165 pueliami

168 2182 287 2230 Inque
317 2179 407 2218 duas
435 2189 558 2230 partes
588 2179 712 2219 sciffus
746 2181 930 2234 Olympus
959 2192 1056 2226 erat.
