1527 2807
424 332 837 365 roz-rtcaz.
1141 332 1189 368 91

337 518 347 523 ·
364 497 410 536 In
436 496 680 546 Compendium
709 499 915 538 Medicinae

85 587 739 630 CONSTANTINI
797 589 1197 629 RVMPFII

189 671 363 720 Foederaci
389 681 508 731 Belgit‘
534 681 569 719 in
598 681 684 718 auid
713 679 872 718 Suecancz
901 678 1075 730 Mimstri.

83 771 167 859 E
181 822 205 850 n
227 811 358 850 iterum
380 810 505 862 prodit
523 811 738 851 medicantis
760 811 881 861 gloria
902 811 1048 850 Phoebi

94 876 96 879 ’
139 881 297 929 Pagina,
325 891 430 929 quam
453 878 598 930 Stygiae
618 881 697 927 J'ura
718 887 894 918 verentur
918 890 1053 929 aquae:

85 948 311 989 Morborum
331 947 489 998 praestat
508 949 671 987 domitor
691 947 903 987 mortalibus
923 947 1043 996 aengs

137 1015 328 1066 Rumpfius
346 1014 440 1054 haud
463 1016 606 1056 dubiam
627 1018 698 1068 qua
715 1017 798 1068 pius
820 1016 945 1054 auetor
966 1027 1097 1064 opem.

84 1084 219 1124 charta
237 1083 485 1123 Machaoniae
505 1084 719 1125 sacceffibus
740 1086 879 1125 aemula
905 1084 1079 1133 dextrae,

139 1151 313 1192 Pondere
333 1163 398 1202 par
417 1164 562 1198 rerum,
592 1166 657 1204 par
682 1156 862 1195 brevitate
887 1156 1005 1194 labos.

85 1221 211 1262 saneta
230 1221 298 1259 tibi
318 1219 406 1270 quid
429 1220 549 1260 charta
567 1225 732 1274 precer?
763 1224 986 1276 compendia
1009 1225 1106 1263 vitae

140 1292 246 1344 Quae
269 1288 324 1328 dis
345 1289 530 1339 aequanda
553 1291 613 1329 das
634 1293 767 1342 procul
792 1293 864 1332 esse
887 1304 1008 1332 manu.

85 1360 174 1401 Sera
194 1358 289 1398 feras
311 1370 426 1398 annos
445 1360 624 1409 placitura
646 1360 853 1409 legentibus
875 1371 990 1411 opto,

142 1427 191 1465 Et
214 1439 295 1477 pars
316 1427 361 1464 fis
382 1439 510 1466 voveo
531 1430 692 1467 muneris
715 1429 787 1479 ipsa
807 1427 874 1469 tui.

89 1496 222 1546 Stagna
240 1495 480 1545 triumphatae
501 1497 633 1545 populi
656 1508 757 1534 nunc
775 1497 938 1547 spernite
959 1498 1123 1537 Lethesz

144 1566 203 1604 En
224 1565 393 1604 Lachesis
414 1575 611 1614 properam
635 1565 759 1605 fistere
783 1567 870 1613 jussa
893 1566 1015 1605 colum
1035 1567 1103 1606 est.

88 1634 236 1682 Exiguo
255 1632 409 1670 colletsta
429 1632 517 1670 salus
540 1633 693 1672 humana
712 1634 864 1681 libello,

143 1702 281 1740 Arceat
300 1708 339 1738 ut
359 1699 509 1750 longum
530 1700 623 1748 fata,
654 1703 694 1741 fit
714 1710 790 1741 arte
813 1703 952 1742 brevis.

92 1771 177 1823 Jure
198 1769 318 1819 stupes
333 1797 342 1814 ‚
372 1767 512 1817 lestor,
541 1771 661 1820 pulcri
681 1771 901 1811 documenta
925 1773 1081 1814 laboris:

149 1837 222 1878 Sed
242 1838 380 1888 patriae
399 1839 576 1877 medicam
599 1842 684 1891 plus
704 1842 881 1881 adhibere
903 1854 1046 1881 manum
1064 1842 1133 1882 est.

97 1905 270 1946 Consulit
291 1915 329 1945 et
348 1906 466 1946 fraffis
493 1910 712 1950 Batavorum
736 1912 910 1963 prospera
931 1913 1065 1958 rebus;

147 1975 211 2014 Ne
228 1985 353 2015 manus
375 1975 467 2016 haec
490 1977 614 2018 similis
637 1991 715 2020 non
738 1981 778 2020 fit
800 1982 937 2031 ubique
959 1981 1039 2020 fibi.

724 2122 832 2151 Ntc.
873 2120 1140 2152 HEINSIVS.
