1527 2807
335 311 943 344 entorses.
1127 304 1215 354 ‘463

10 425 14 430 ’
84 417 182 465 1112,
210 426 341 466 parum
367 415 531 461 nostris,
564 411 709 462 fateor,
734 414 922 454 'commota
949 411 1136 464 querelis,

137 489 228 526 lure
254 484 449 524 videretur
478 484 743 524 commeruisse
769 497 916 536 parum.

82 557 136 597 At
161 556 244 605 quis
272 551 506 604 terrigenum
536 555 682 604 superis
710 558 938 596 contendere
964 555 1120 597 demens

142 626 313 673 Audeat,
340 632 379 663 et
406 623 581 664 dominos
608 625 820 665 infimulare
847 624 971 666 deos?

87 697 224 736 Forsan
254 702 292 734 et
318 694 463 732 affiduis
492 695 682 736 concedet
709 696 872 745 denique
900 696 1017 736 votis.

142 767 235 814 Sera
265 761 357 803 licet
387 766 536 815 veniat,
567 765 667 814 sera,
695 766 796 816 quod
826 773 908 804 urat
928 796 941 814 ‚
970 767 1096 806 habet.

84 835 222 876 Adfitis
252 834 381 879 divam
411 846 530 885 neque
555 837 659 874 enim
685 835 760 874 fine
789 836 942 874 numine
970 836 1130 886 vestro,

141 901 255 956 Quod
283 901 442 950 placeat,
473 905 580 943 nobis
598 900 847 944 'concinuiffe'
871 902 990 942 datur.

85 973 147 1012 Tu
176 971 350 1021 quoque,
381 974 550 1013 materies
579 985 605 1013 o
632 970 893 1012 fecundissima
921 972 1041 1013 nostri

139 1042 325 1081 Carminis
345 1068 357 1087 ,
387 1047 549 1079 aeternas
587 1043 687 1081 inter
714 1041 879 1081 habenda
909 1041 1017 1081 deas!

83 1111 210 1158 Diva,
241 1109 473 1161 puellarum,
504 1122 735 1162 puerorum,
766 1109 882 1159 diva,
915 1111 1112 1162 voluptas,

137 1183 256 1235 Quam
284 1190 390 1220 tener
418 1191 469 1219 ex
498 1180 624 1221 animo
653 1182 757 1220 sexus
784 1190 943 1230 uterque
970 1184 1086 1230 colit;

86 1254 207 1307 Quam
235 1255 334 1290 nunc
363 1253 557 1300 egreglus,
591 1253 758 1303 repetito
802 1251 987 1292 nomine.
1016 1252 1192 1302 sponsus,

135 1322 253 1374 Quam
281 1332 383 1360 nunc
413 1321 478 1359 sub
506 1321 620 1360 tacito
646 1330 801 1371 pectore
838 1319 970 1371 sponsa
999 1333 1136 1369 vocat3

87 1392 177 1431 Huc
205 1388 368 1428 formosa
395 1391 510 1439 veni,
541 1391 714 1429 comitata
749 1389 938 1440 Cupidine
965 1390 1099 1439 molli,

138 1462 308 1509 Cumque
337 1466 403 1497 tuo
430 1467 544 1509 gnato
574 1459 765 1498 blandulus
792 1459 881 1498 adfit
917 1461 1083 1511 Hymen.

83 1531 158 1571 Seu
186 1541 286 1569 nunc
317 1528 454 1568 ldaiiae
481 1532 591 1579 myrti
623 1524 791 1581 spatieris
820 1529 860 1566 in
900 1529 1051 1580 umbra,

138 1603 355 1651 Cognitave
381 1600 545 1647 antiquis
576 1599 710 1640 lufibus
739 1605 845 1638 antra
873 1599 1000 1647 colas;

83 1669 160 1711 Seu
186 1679 225 1710 te
253 1669 439 1709 delectent
468 1669 658 1718 Paphiae,
685 1678 748 1710 tua
774 1669 902 1719 turba,
930 1666 1108 1719 puellae,

137 1741 214 1780 Seu
241 1746 419 1779 recreent
445 1738 610 1779 Gnidiae
639 1739 909 1788 detineantque
937 1746 1065 1775 nurus.

82 1808 152 1856 At,
183 1817 305 1859 puto,
336 1807 406 1844 iam
427 1805 485 1856 (ss
510 1804 616 1847 forte
646 1806 737 1847 lIcet
765 1808 859 1847 mihi
889 1817 976 1846 vera
1003 1805 1167 1858 fateri.)

138 1876 364 1916 Exciderunt
394 1875 519 1914 animo
548 1878 704 1918 nomina
733 1878 849 1928 prisca
877 1884 958 1916 tuo,

81 1947 247 1997 Praeque
277 1945 407 1986 Gnido
423 1975 435 1993 ,
466 1947 621 1998 caraque
647 1948 779 1999 Papho
795 1979 806 1998 ‚
832 1949 1002 1997 carisque
1014 1939 1180 1997 Cytheris
1195 1972 1211 1992 ,

136 2017 212 2055 Iam
242 2017 354 2066 magis
384 2015 566 2057 Amstelia
591 2017 712 2068 poscis
750 2018 791 2057 in
819 2019 914 2057 urbe
942 2014 1034 2055 coli.

87 2090 201 2129 Iactet
221 2087 342 2126 Roma
374 2087 450 2126 suas
478 2096 718 2138 numeretque
747 2089 907 2139 superba
933 2084 1104 2137 puellas;

133 2155 213 2198 fflc
239 2157 414 2209 quoque,
441 2169 528 2209 quas
555 2158 714 2198 iuvenes
742 2158 826 2201 iure
853 2158 1020 2211 perimus
1037 2154 1188 2206 ,habea
