<?xml version="1.0" encoding="UTF-8"?>
<!DOCTYPE html PUBLIC "-//W3C//DTD XHTML 1.0 Transitional//EN"
    "http://www.w3.org/TR/xhtml1/DTD/xhtml1-transitional.dtd">
<html xmlns="http://www.w3.org/1999/xhtml" xml:lang="en" lang="en">
 <head>
  <title>
</title>
<meta http-equiv="Content-Type" content="text/html;charset=utf-8" />
  <meta name='ocr-system' content='tesseract 3.04.00' />
  <meta name='ocr-capabilities' content='ocr_page ocr_carea ocr_par ocr_line ocrx_word'/>
</head>
<body>
  <div class='ocr_page' id='page_1' title='image "./carmina00santuoft_0752.png"; bbox 0 0 1527 2807; ppageno 0'>
   <div class='ocr_carea' id='block_1_1' title="bbox 271 280 1157 337">
    <p class='ocr_par' dir='ltr' id='par_1_1' title="bbox 271 280 1157 337">
     <span class='ocr_line' id='line_1_1' title="bbox 271 280 1157 337; baseline -0.006 -6"><span class='ocrx_word' id='word_1_1' title='bbox 271 280 360 337; x_wconf 63' lang='lat'>&#39;²496</span> <span class='ocrx_word' id='word_1_2' title='bbox 551 280 1157 328; x_wconf 59' lang='lat' dir='ltr'><strong>12‘1012e11</strong></span> 
     </span>
    </p>
   </div>
   <div class='ocr_carea' id='block_1_2' title="bbox 274 393 1429 2182">
    <p class='ocr_par' dir='ltr' id='par_1_2' title="bbox 274 393 1401 517">
     <span class='ocr_line' id='line_1_2' title="bbox 274 393 1401 449; baseline -0.002 -11"><span class='ocrx_word' id='word_1_3' title='bbox 274 395 416 447; x_wconf 84' lang='lat' dir='ltr'><strong>Finge,</strong></span> <span class='ocrx_word' id='word_1_4' title='bbox 435 409 528 445; x_wconf 82' lang='lat' dir='ltr'><strong>age,</strong></span> <span class='ocrx_word' id='word_1_5' title='bbox 550 397 574 434; x_wconf 88' lang='lat' dir='ltr'>fi</span> <span class='ocrx_word' id='word_1_6' title='bbox 591 398 755 445; x_wconf 87' lang='lat' dir='ltr'><strong>scopulis</strong></span> <span class='ocrx_word' id='word_1_7' title='bbox 775 396 937 447; x_wconf 88' lang='lat' dir='ltr'><strong>(nullum</strong></span> <span class='ocrx_word' id='word_1_8' title='bbox 951 394 990 435; x_wconf 88' lang='lat' dir='ltr'><strong>fit</strong></span> <span class='ocrx_word' id='word_1_9' title='bbox 1007 397 1043 434; x_wconf 88' lang='lat' dir='ltr'><strong>in</strong></span> <span class='ocrx_word' id='word_1_10' title='bbox 1056 397 1186 435; x_wconf 86' lang='lat' dir='ltr'><strong>omine</strong></span> <span class='ocrx_word' id='word_1_11' title='bbox 1197 393 1401 449; x_wconf 67' lang='lat' dir='ltr'><strong>pondunl)</strong></span> 
     </span>
     <span class='ocr_line' id='line_1_3' title="bbox 330 466 1130 517; baseline -0.001 -14"><span class='ocrx_word' id='word_1_12' title='bbox 330 466 472 503; x_wconf 65' lang='lat' dir='ltr'><strong>obruat</strong></span> <span class='ocrx_word' id='word_1_13' title='bbox 503 466 631 504; x_wconf 74' lang='lat' dir='ltr'><strong>illisam</strong></span> <span class='ocrx_word' id='word_1_14' title='bbox 660 466 833 517; x_wconf 81' lang='lat' dir='ltr'>Tethyos</span> <span class='ocrx_word' id='word_1_15' title='bbox 865 467 960 506; x_wconf 80' lang='lat' dir='ltr'><strong>unda</strong></span> <span class='ocrx_word' id='word_1_16' title='bbox 991 473 1130 509; x_wconf 85' lang='lat' dir='ltr'><strong>ratem;</strong></span> 
     </span>
    </p>

    <p class='ocr_par' dir='ltr' id='par_1_3' title="bbox 277 530 1313 654">
     <span class='ocr_line' id='line_1_4' title="bbox 277 530 1313 585; baseline 0.006 -16"><span class='ocrx_word' id='word_1_17' title='bbox 277 530 377 585; x_wconf 83' lang='lat' dir='ltr'><strong>Quid</strong></span> <span class='ocrx_word' id='word_1_18' title='bbox 407 535 473 571; x_wconf 84' lang='lat' dir='ltr'><strong>tibi</strong></span> <span class='ocrx_word' id='word_1_19' title='bbox 501 543 586 573; x_wconf 84' lang='lat' dir='ltr'><strong>tunc</strong></span> <span class='ocrx_word' id='word_1_20' title='bbox 618 535 730 572; x_wconf 75' lang='lat' dir='ltr'><strong>animi</strong></span> <span class='ocrx_word' id='word_1_21' title='bbox 762 537 906 579; x_wconf 78' lang='lat' dir='ltr'><strong>credas,</strong></span> <span class='ocrx_word' id='word_1_22' title='bbox 933 536 1096 582; x_wconf 83' lang='lat' dir='ltr'><strong>dilecte,</strong></span> <span class='ocrx_word' id='word_1_23' title='bbox 1127 534 1313 585; x_wconf 86' lang='lat' dir='ltr'><strong>futurum,</strong></span> 
     </span>
     <span class='ocr_line' id='line_1_5' title="bbox 332 597 1260 654; baseline 0.008 -16"><span class='ocrx_word' id='word_1_24' title='bbox 332 597 432 638; x_wconf 72' lang='lat' dir='ltr'><strong>Duxi]</strong></span> <span class='ocrx_word' id='word_1_25' title='bbox 464 612 612 640; x_wconf 77' lang='lat' dir='ltr'><strong>moveas</strong></span> <span class='ocrx_word' id='word_1_26' title='bbox 643 605 772 645; x_wconf 87' lang='lat' dir='ltr'><strong>mediis</strong></span> <span class='ocrx_word' id='word_1_27' title='bbox 803 608 950 646; x_wconf 81' lang='lat' dir='ltr'><strong>brachia</strong></span> <span class='ocrx_word' id='word_1_28' title='bbox 982 605 1091 644; x_wconf 82' lang='lat' dir='ltr'><strong>fessus</strong></span> <span class='ocrx_word' id='word_1_29' title='bbox 1122 605 1260 654; x_wconf 71' lang='lat' dir='ltr'><strong>aquis?</strong></span> 
     </span>
    </p>

    <p class='ocr_par' dir='ltr' id='par_1_4' title="bbox 277 670 1233 795">
     <span class='ocr_line' id='line_1_6' title="bbox 277 670 1233 723; baseline 0.004 -13"><span class='ocrx_word' id='word_1_30' title='bbox 277 670 352 710; x_wconf 87' lang='lat' dir='ltr'><strong>Vel</strong></span> <span class='ocrx_word' id='word_1_31' title='bbox 382 679 418 709; x_wconf 88' lang='lat' dir='ltr'><strong>te</strong></span> <span class='ocrx_word' id='word_1_32' title='bbox 450 672 622 710; x_wconf 79' lang='lat' dir='ltr'><strong>sustineat</strong></span> <span class='ocrx_word' id='word_1_33' title='bbox 652 672 736 713; x_wconf 82' lang='lat' dir='ltr'><strong>dum</strong></span> <span class='ocrx_word' id='word_1_34' title='bbox 763 687 846 723; x_wconf 79' lang='lat' dir='ltr'><strong>pars</strong></span> <span class='ocrx_word' id='word_1_35' title='bbox 876 677 1030 715; x_wconf 77' lang='lat' dir='ltr'><strong>lacerata</strong></span> <span class='ocrx_word' id='word_1_36' title='bbox 1062 676 1233 721; x_wconf 82' lang='lat' dir='ltr'><strong>carinae,</strong></span> 
     </span>
     <span class='ocr_line' id='line_1_7' title="bbox 333 739 1219 795; baseline 0.007 -17"><span class='ocrx_word' id='word_1_37' title='bbox 333 739 511 789; x_wconf 83' lang='lat' dir='ltr'>Aequora</span> <span class='ocrx_word' id='word_1_38' title='bbox 539 744 600 781; x_wconf 85' lang='lat' dir='ltr'><strong>vel</strong></span> <span class='ocrx_word' id='word_1_39' title='bbox 632 743 751 782; x_wconf 81' lang='lat' dir='ltr'><strong>merso</strong></span> <span class='ocrx_word' id='word_1_40' title='bbox 777 744 975 795; x_wconf 76' lang='lat' dir='ltr'><strong>naufragus</strong></span> <span class='ocrx_word' id='word_1_41' title='bbox 1006 758 1074 784; x_wconf 83' lang='lat' dir='ltr'><strong>ore</strong></span> <span class='ocrx_word' id='word_1_42' title='bbox 1102 748 1219 785; x_wconf 81' lang='lat' dir='ltr'>bibas.</span> 
     </span>
    </p>

    <p class='ocr_par' dir='ltr' id='par_1_5' title="bbox 279 810 1275 934">
     <span class='ocr_line' id='line_1_8' title="bbox 279 810 1262 855; baseline 0.005 -5"><span class='ocrx_word' id='word_1_43' title='bbox 279 811 376 850; x_wconf 88' lang='lat' dir='ltr'><strong>&#39;Tum</strong></span> <span class='ocrx_word' id='word_1_44' title='bbox 407 810 534 849; x_wconf 75' lang='lat' dir='ltr'><strong>frustra</strong></span> <span class='ocrx_word' id='word_1_45' title='bbox 563 812 684 851; x_wconf 88' lang='lat' dir='ltr'><strong>dices:</strong></span> <span class='ocrx_word' id='word_1_46' title='bbox 717 815 855 853; x_wconf 81' lang='lat' dir='ltr'><strong>utinam</strong></span> <span class='ocrx_word' id='word_1_47' title='bbox 887 828 944 855; x_wconf 65' lang='lat' dir='ltr'><strong>ine</strong></span> <span class='ocrx_word' id='word_1_48' title='bbox 974 825 1071 855; x_wconf 86' lang='lat' dir='ltr'><strong>terra</strong></span> <span class='ocrx_word' id='word_1_49' title='bbox 1099 818 1262 855; x_wconf 81' lang='lat' dir='ltr'><strong>teneret!</strong></span> 
     </span>
     <span class='ocr_line' id='line_1_9' title="bbox 336 879 1275 934; baseline 0.007 -18"><span class='ocrx_word' id='word_1_50' title='bbox 336 880 460 929; x_wconf 87' lang='lat' dir='ltr'><strong>thue</strong></span> <span class='ocrx_word' id='word_1_51' title='bbox 492 879 610 920; x_wconf 84' lang='lat' dir='ltr'><strong>velint</strong></span> <span class='ocrx_word' id='word_1_52' title='bbox 640 881 758 933; x_wconf 80' lang='lat' dir='ltr'><strong>superi</strong></span> <span class='ocrx_word' id='word_1_53' title='bbox 788 883 912 933; x_wconf 85' lang='lat' dir='ltr'><strong>ferre,</strong></span> <span class='ocrx_word' id='word_1_54' title='bbox 943 886 1121 934; x_wconf 81' lang='lat' dir='ltr'><strong>rogab1s‚</strong></span> <span class='ocrx_word' id='word_1_55' title='bbox 1144 895 1275 934; x_wconf 85' lang='lat' dir='ltr'><strong>opem·</strong></span> 
     </span>
    </p>

    <p class='ocr_par' dir='ltr' id='par_1_6' title="bbox 285 947 1402 1068">
     <span class='ocr_line' id='line_1_10' title="bbox 285 947 1402 1002; baseline 0.003 -18"><span class='ocrx_word' id='word_1_56' title='bbox 285 948 407 1002; x_wconf 57' lang='lat' dir='ltr'><strong>Quem</strong></span> <span class='ocrx_word' id='word_1_57' title='bbox 436 947 533 989; x_wconf 68' lang='lat' dir='ltr'><strong>male</strong></span> <span class='ocrx_word' id='word_1_58' title='bbox 556 949 641 999; x_wconf 87' lang='lat' dir='ltr'><strong>(me</strong></span> <span class='ocrx_word' id='word_1_59' title='bbox 655 951 846 990; x_wconf 79' lang='lat' dir='ltr'><strong>miserum!</strong></span> <span class='ocrx_word' id='word_1_60' title='bbox 863 955 876 998; x_wconf 88' lang='lat'><em>)</em></span> <span class='ocrx_word' id='word_1_61' title='bbox 891 952 1074 992; x_wconf 82' lang='lat' dir='ltr'><strong>violentis</strong></span> <span class='ocrx_word' id='word_1_62' title='bbox 1096 952 1256 992; x_wconf 81' lang='lat' dir='ltr'><strong>creditur</strong></span> <span class='ocrx_word' id='word_1_63' title='bbox 1269 948 1402 988; x_wconf 71' lang='lat' dir='ltr'><strong>undis!</strong></span> 
     </span>
     <span class='ocr_line' id='line_1_11' title="bbox 342 1017 1349 1068; baseline 0.003 -15"><span class='ocrx_word' id='word_1_64' title='bbox 342 1017 447 1068; x_wconf 85' lang='lat' dir='ltr'><strong>Quot</strong></span> <span class='ocrx_word' id='word_1_65' title='bbox 471 1019 600 1065; x_wconf 79' lang='lat' dir='ltr'><strong>generi</strong></span> <span class='ocrx_word' id='word_1_66' title='bbox 632 1018 796 1060; x_wconf 79' lang='lat' dir='ltr'><strong>humano</strong></span> <span class='ocrx_word' id='word_1_67' title='bbox 828 1022 902 1061; x_wconf 81' lang='lat' dir='ltr'><strong>fert</strong></span> <span class='ocrx_word' id='word_1_68' title='bbox 925 1024 1016 1061; x_wconf 87' lang='lat' dir='ltr'><strong>mala</strong></span> <span class='ocrx_word' id='word_1_69' title='bbox 1043 1022 1169 1060; x_wconf 83' lang='lat' dir='ltr'>damna</span> <span class='ocrx_word' id='word_1_70' title='bbox 1192 1019 1349 1059; x_wconf 79' lang='lat' dir='ltr'><strong>Thetis!</strong></span> 
     </span>
    </p>

    <p class='ocr_par' dir='ltr' id='par_1_7' title="bbox 285 1083 1253 1205">
     <span class='ocr_line' id='line_1_12' title="bbox 285 1083 1253 1141; baseline 0.003 -16"><span class='ocrx_word' id='word_1_71' title='bbox 285 1083 443 1125; x_wconf 86' lang='lat' dir='ltr'><strong>Scilicet</strong></span> <span class='ocrx_word' id='word_1_72' title='bbox 466 1086 551 1133; x_wconf 85' lang='lat' dir='ltr'><strong>hic,</strong></span> <span class='ocrx_word' id='word_1_73' title='bbox 583 1090 728 1138; x_wconf 83' lang='lat' dir='ltr'><strong>triplici</strong></span> <span class='ocrx_word' id='word_1_74' title='bbox 751 1092 911 1131; x_wconf 72' lang='lat' dir='ltr'><strong>munitus</strong></span> <span class='ocrx_word' id='word_1_75' title='bbox 933 1092 1071 1129; x_wconf 84' lang='lat' dir='ltr'>robore</span> <span class='ocrx_word' id='word_1_76' title='bbox 1102 1100 1253 1141; x_wconf 83' lang='lat' dir='ltr'><strong>pectus,</strong></span> 
     </span>
     <span class='ocr_line' id='line_1_13' title="bbox 339 1155 1106 1205; baseline 0.007 -13"><span class='ocrx_word' id='word_1_77' title='bbox 339 1155 496 1194; x_wconf 85' lang='lat' dir='ltr'><strong>Duritie</strong></span> <span class='ocrx_word' id='word_1_78' title='bbox 525 1160 648 1205; x_wconf 83' lang='lat' dir='ltr'><strong>potuit</strong></span> <span class='ocrx_word' id='word_1_79' title='bbox 674 1160 833 1198; x_wconf 86' lang='lat' dir='ltr'><strong>vincere</strong></span> <span class='ocrx_word' id='word_1_80' title='bbox 864 1159 947 1197; x_wconf 84' lang='lat' dir='ltr'>saxa</span> <span class='ocrx_word' id='word_1_81' title='bbox 978 1158 1106 1203; x_wconf 85' lang='lat' dir='ltr'><strong>ferox;</strong></span> 
     </span>
    </p>

    <p class='ocr_par' dir='ltr' id='par_1_8' title="bbox 287 1224 1404 1345">
     <span class='ocr_line' id='line_1_14' title="bbox 287 1224 1404 1276; baseline -0.001 -10"><span class='ocrx_word' id='word_1_82' title='bbox 287 1226 404 1266; x_wconf 85' lang='lat' dir='ltr'><strong>Hunc</strong></span> <span class='ocrx_word' id='word_1_83' title='bbox 426 1226 548 1274; x_wconf 84' lang='lat' dir='ltr'><strong>lapis,</strong></span> <span class='ocrx_word' id='word_1_84' title='bbox 580 1235 617 1265; x_wconf 88' lang='lat' dir='ltr'><strong>et</strong></span> <span class='ocrx_word' id='word_1_85' title='bbox 637 1238 801 1273; x_wconf 85' lang='lat' dir='ltr'><strong>montes,</strong></span> <span class='ocrx_word' id='word_1_86' title='bbox 832 1228 928 1266; x_wconf 86' lang='lat' dir='ltr'><strong>hunc</strong></span> <span class='ocrx_word' id='word_1_87' title='bbox 949 1230 1054 1276; x_wconf 83' lang='lat' dir='ltr'><strong>tigris</strong></span> <span class='ocrx_word' id='word_1_88' title='bbox 1079 1226 1213 1264; x_wconf 79' lang='lat' dir='ltr'><strong>acerba</strong></span> <span class='ocrx_word' id='word_1_89' title='bbox 1237 1225 1300 1263; x_wconf 88' lang='lat' dir='ltr'><strong>sub</strong></span> <span class='ocrx_word' id='word_1_90' title='bbox 1321 1224 1404 1265; x_wconf 69' lang='lat' dir='ltr'><strong>altit</strong></span> 
     </span>
     <span class='ocr_line' id='line_1_15' title="bbox 344 1293 1257 1345; baseline 0 -14"><span class='ocrx_word' id='word_1_91' title='bbox 344 1295 534 1344; x_wconf 83' lang='lat' dir='ltr'><strong>Rupibus,</strong></span> <span class='ocrx_word' id='word_1_92' title='bbox 564 1296 663 1336; x_wconf 84' lang='lat' dir='ltr'><strong>hunc</strong></span> <span class='ocrx_word' id='word_1_93' title='bbox 692 1296 836 1334; x_wconf 78' lang='lat' dir='ltr'><strong>rabidae</strong></span> <span class='ocrx_word' id='word_1_94' title='bbox 865 1293 1106 1345; x_wconf 67' lang='lat' dir='ltr'><strong>progenuere</strong></span> <span class='ocrx_word' id='word_1_95' title='bbox 1136 1294 1257 1339; x_wconf 83' lang='lat' dir='ltr'><strong>ferae;</strong></span> 
     </span>
    </p>

    <p class='ocr_par' dir='ltr' id='par_1_9' title="bbox 293 1360 1342 1486">
     <span class='ocr_line' id='line_1_16' title="bbox 293 1360 1342 1415; baseline 0.002 -13"><span class='ocrx_word' id='word_1_96' title='bbox 293 1361 443 1402; x_wconf 83' lang='lat' dir='ltr'><strong>Durior</strong></span> <span class='ocrx_word' id='word_1_97' title='bbox 476 1365 539 1402; x_wconf 86' lang='lat' dir='ltr'><strong>hic</strong></span> <span class='ocrx_word' id='word_1_98' title='bbox 569 1364 755 1415; x_wconf 78' lang='lat' dir='ltr'><strong>scopulis,</strong></span> <span class='ocrx_word' id='word_1_99' title='bbox 787 1373 823 1404; x_wconf 90' lang='lat' dir='ltr'><strong>et</strong></span> <span class='ocrx_word' id='word_1_100' title='bbox 852 1376 1035 1404; x_wconf 80' lang='lat' dir='ltr'><strong>marmore</strong></span> <span class='ocrx_word' id='word_1_101' title='bbox 1065 1364 1199 1402; x_wconf 81' lang='lat' dir='ltr'><strong>durior</strong></span> <span class='ocrx_word' id='word_1_102' title='bbox 1229 1360 1342 1415; x_wconf 74' lang='lat' dir='ltr'><strong>ipso,</strong></span> 
     </span>
     <span class='ocr_line' id='line_1_17' title="bbox 345 1434 1224 1486; baseline 0.001 -15"><span class='ocrx_word' id='word_1_103' title='bbox 345 1434 423 1486; x_wconf 82' lang='lat' dir='ltr'><strong>Qui</strong></span> <span class='ocrx_word' id='word_1_104' title='bbox 453 1436 588 1485; x_wconf 77' lang='lat' dir='ltr'>pelago</span> <span class='ocrx_word' id='word_1_105' title='bbox 620 1435 753 1474; x_wconf 81' lang='lat' dir='ltr'><strong>docuit</strong></span> <span class='ocrx_word' id='word_1_106' title='bbox 781 1445 938 1484; x_wconf 82' lang='lat' dir='ltr'><strong>carpere</strong></span> <span class='ocrx_word' id='word_1_107' title='bbox 968 1436 1107 1484; x_wconf 79' lang='lat' dir='ltr'><strong>primus</strong></span> <span class='ocrx_word' id='word_1_108' title='bbox 1136 1434 1224 1472; x_wconf 79' lang='lat' dir='ltr'><strong>iter.</strong></span> 
     </span>
    </p>

    <p class='ocr_par' dir='ltr' id='par_1_10' title="bbox 296 1503 1218 1613">
     <span class='ocr_line' id='line_1_18' title="bbox 296 1503 1218 1554; baseline -0.001 -12"><span class='ocrx_word' id='word_1_109' title='bbox 296 1504 356 1542; x_wconf 83' lang='lat' dir='ltr'><strong>O!</strong></span> <span class='ocrx_word' id='word_1_110' title='bbox 387 1503 522 1542; x_wconf 81' lang='lat' dir='ltr'><strong>utinam</strong></span> <span class='ocrx_word' id='word_1_111' title='bbox 553 1504 659 1544; x_wconf 63' lang='lat' dir='ltr'><strong>saeva</strong></span> <span class='ocrx_word' id='word_1_112' title='bbox 687 1515 881 1554; x_wconf 81' lang='lat' dir='ltr'>numquam</span> <span class='ocrx_word' id='word_1_113' title='bbox 911 1504 1077 1554; x_wconf 78' lang='lat' dir='ltr'><strong>petiisset</strong></span> <span class='ocrx_word' id='word_1_114' title='bbox 1107 1503 1218 1541; x_wconf 67' lang='lat' dir='ltr'><strong>liison</strong></span> 
     </span>
     <span class='ocr_line' id='line_1_19' title="bbox 352 1572 1190 1613; baseline -0.001 -3"><span class='ocrx_word' id='word_1_115' title='bbox 352 1572 534 1613; x_wconf 82' lang='lat' dir='ltr'><strong>Colchide</strong></span> <span class='ocrx_word' id='word_1_116' title='bbox 563 1574 749 1613; x_wconf 80' lang='lat' dir='ltr'><strong>Phrixeae</strong></span> <span class='ocrx_word' id='word_1_117' title='bbox 780 1574 913 1612; x_wconf 83' lang='lat' dir='ltr'><strong>nobile</strong></span> <span class='ocrx_word' id='word_1_118' title='bbox 938 1572 1060 1611; x_wconf 87' lang='lat' dir='ltr'><strong>vellus</strong></span> <span class='ocrx_word' id='word_1_119' title='bbox 1089 1574 1190 1610; x_wconf 83' lang='lat' dir='ltr'><strong>ovis!</strong></span> 
     </span>
    </p>

    <p class='ocr_par' dir='ltr' id='par_1_11' title="bbox 298 1643 1294 1763">
     <span class='ocr_line' id='line_1_20' title="bbox 298 1643 1294 1691; baseline 0 -9"><span class='ocrx_word' id='word_1_120' title='bbox 298 1643 376 1682; x_wconf 84' lang='lat' dir='ltr'><strong>Aut</strong></span> <span class='ocrx_word' id='word_1_121' title='bbox 405 1644 514 1690; x_wconf 83' lang='lat' dir='ltr'><strong>ratis,</strong></span> <span class='ocrx_word' id='word_1_122' title='bbox 544 1645 722 1691; x_wconf 81' lang='lat' dir='ltr'><strong>innuptae</strong></span> <span class='ocrx_word' id='word_1_123' title='bbox 752 1643 843 1681; x_wconf 82' lang='lat' dir='ltr'><strong>iussu</strong></span> <span class='ocrx_word' id='word_1_124' title='bbox 873 1644 1042 1681; x_wconf 73' lang='lat' dir='ltr'><strong>fabricata</strong></span> <span class='ocrx_word' id='word_1_125' title='bbox 1073 1644 1294 1691; x_wconf 78' lang='lat' dir='ltr'><strong>Minervae,</strong></span> 
     </span>
     <span class='ocr_line' id='line_1_21' title="bbox 354 1711 1119 1763; baseline -0.01 -9"><span class='ocrx_word' id='word_1_126' title='bbox 354 1715 475 1754; x_wconf 84' lang='lat' dir='ltr'><strong>Pelias</strong></span> <span class='ocrx_word' id='word_1_127' title='bbox 508 1715 690 1763; x_wconf 58' lang='lat' dir='ltr'><strong>aequorea</strong></span> <span class='ocrx_word' id='word_1_128' title='bbox 718 1713 831 1751; x_wconf 85' lang='lat' dir='ltr'><strong>mersa</strong></span> <span class='ocrx_word' id='word_1_129' title='bbox 860 1712 982 1751; x_wconf 79' lang='lat' dir='ltr'><strong>fuisset</strong></span> <span class='ocrx_word' id='word_1_130' title='bbox 1008 1711 1119 1761; x_wconf 63' lang='lat' dir='ltr'><strong>aqua!</strong></span> 
     </span>
    </p>

    <p class='ocr_par' dir='ltr' id='par_1_12' title="bbox 301 1780 1425 1892">
     <span class='ocr_line' id='line_1_22' title="bbox 301 1780 1425 1832; baseline 0 -10"><span class='ocrx_word' id='word_1_131' title='bbox 301 1782 376 1822; x_wconf 86' lang='lat' dir='ltr'><strong>Ars</strong></span> <span class='ocrx_word' id='word_1_132' title='bbox 408 1792 490 1828; x_wconf 87' lang='lat' dir='ltr'><strong>tua,</strong></span> <span class='ocrx_word' id='word_1_133' title='bbox 517 1791 626 1821; x_wconf 75' lang='lat' dir='ltr'><strong>nauta</strong></span> <span class='ocrx_word' id='word_1_134' title='bbox 650 1784 772 1832; x_wconf 66' lang='lat' dir='ltr'>sagax,</span> <span class='ocrx_word' id='word_1_135' title='bbox 806 1783 918 1821; x_wconf 75' lang='lat' dir='ltr'><strong>etiam</strong></span> <span class='ocrx_word' id='word_1_136' title='bbox 941 1792 1062 1825; x_wconf 86' lang='lat' dir='ltr'><strong>nune,</strong></span> <span class='ocrx_word' id='word_1_137' title='bbox 1093 1780 1241 1831; x_wconf 86' lang='lat' dir='ltr'><strong>Tiphy,</strong></span> <span class='ocrx_word' id='word_1_138' title='bbox 1268 1782 1425 1831; x_wconf 78' lang='lat' dir='ltr'><strong>iaceret„</strong></span> 
     </span>
     <span class='ocr_line' id='line_1_23' title="bbox 361 1848 1215 1892; baseline -0.006 -1"><span class='ocrx_word' id='word_1_139' title='bbox 361 1852 540 1892; x_wconf 76' lang='lat' dir='ltr'><strong>Finderet</strong></span> <span class='ocrx_word' id='word_1_140' title='bbox 570 1851 781 1890; x_wconf 82' lang='lat' dir='ltr'><strong>immensum</strong></span> <span class='ocrx_word' id='word_1_141' title='bbox 813 1852 911 1889; x_wconf 82' lang='lat' dir='ltr'><strong>nulla</strong></span> <span class='ocrx_word' id='word_1_142' title='bbox 941 1851 1060 1889; x_wconf 77' lang='lat' dir='ltr'><strong>carina</strong></span> <span class='ocrx_word' id='word_1_143' title='bbox 1092 1848 1215 1886; x_wconf 76' lang='lat' dir='ltr'><strong>salum.</strong></span> 
     </span>
    </p>

    <p class='ocr_par' dir='ltr' id='par_1_13' title="bbox 305 1918 1429 2045">
     <span class='ocr_line' id='line_1_24' title="bbox 305 1918 1429 1972; baseline -0.004 -10"><span class='ocrx_word' id='word_1_144' title='bbox 305 1923 379 1964; x_wconf 87' lang='lat' dir='ltr'><strong>Sed</strong></span> <span class='ocrx_word' id='word_1_145' title='bbox 410 1922 496 1972; x_wconf 86' lang='lat' dir='ltr'><strong>quid</strong></span> <span class='ocrx_word' id='word_1_146' title='bbox 521 1934 594 1972; x_wconf 80' lang='lat' dir='ltr'><strong>ego</strong></span> <span class='ocrx_word' id='word_1_147' title='bbox 616 1923 703 1959; x_wconf 71' lang='lat' dir='ltr'><strong>haec</strong></span> <span class='ocrx_word' id='word_1_148' title='bbox 724 1921 893 1963; x_wconf 74' lang='lat' dir='ltr'><strong>demens,</strong></span> <span class='ocrx_word' id='word_1_149' title='bbox 923 1920 976 1956; x_wconf 89' lang='lat' dir='ltr'><strong>nil</strong></span> <span class='ocrx_word' id='word_1_150' title='bbox 999 1919 1258 1968; x_wconf 82' lang='lat' dir='ltr'><strong>proficientia,</strong></span> <span class='ocrx_word' id='word_1_151' title='bbox 1281 1918 1429 1968; x_wconf 83' lang='lat' dir='ltr'><strong>perdo,</strong></span> 
     </span>
     <span class='ocr_line' id='line_1_25' title="bbox 364 1987 1356 2045; baseline -0.001 -16"><span class='ocrx_word' id='word_1_152' title='bbox 364 1993 468 2045; x_wconf 86' lang='lat' dir='ltr'><strong>Quae</strong></span> <span class='ocrx_word' id='word_1_153' title='bbox 498 1989 592 2031; x_wconf 67' lang='lat' dir='ltr'><strong>male</strong></span> <span class='ocrx_word' id='word_1_154' title='bbox 621 2001 690 2040; x_wconf 81' lang='lat' dir='ltr'><strong>pro</strong></span> <span class='ocrx_word' id='word_1_155' title='bbox 720 1988 824 2026; x_wconf 88' lang='lat' dir='ltr'><strong>nullo</strong></span> <span class='ocrx_word' id='word_1_156' title='bbox 853 1987 1025 2037; x_wconf 85' lang='lat' dir='ltr'><strong>pondere</strong></span> <span class='ocrx_word' id='word_1_157' title='bbox 1055 1990 1166 2027; x_wconf 79' lang='lat' dir='ltr'><strong>verba</strong></span> <span class='ocrx_word' id='word_1_158' title='bbox 1194 1988 1356 2028; x_wconf 72' lang='lat' dir='ltr'><strong>cadunt?</strong></span> 
     </span>
    </p>

    <p class='ocr_par' dir='ltr' id='par_1_14' title="bbox 311 2057 1351 2182">
     <span class='ocr_line' id='line_1_26' title="bbox 311 2057 1272 2103; baseline -0.005 -1"><span class='ocrx_word' id='word_1_159' title='bbox 311 2064 444 2103; x_wconf 85' lang='lat' dir='ltr'><strong>Certus</strong></span> <span class='ocrx_word' id='word_1_160' title='bbox 474 2073 512 2100; x_wconf 89' lang='lat' dir='ltr'><strong>es</strong></span> <span class='ocrx_word' id='word_1_161' title='bbox 544 2063 596 2098; x_wconf 84' lang='lat' dir='ltr'><strong>ire</strong></span> <span class='ocrx_word' id='word_1_162' title='bbox 624 2069 769 2103; x_wconf 78' lang='lat' dir='ltr'><strong>tamen,</strong></span> <span class='ocrx_word' id='word_1_163' title='bbox 805 2057 907 2094; x_wconf 67' lang='lat' dir='ltr'><strong>nulla</strong></span> <span class='ocrx_word' id='word_1_164' title='bbox 938 2059 1142 2098; x_wconf 81' lang='lat' dir='ltr'><strong>exorabilis</strong></span> <span class='ocrx_word' id='word_1_165' title='bbox 1171 2069 1272 2103; x_wconf 81' lang='lat' dir='ltr'><strong>arte,</strong></span> 
     </span>
     <span class='ocr_line' id='line_1_27' title="bbox 365 2125 1351 2182; baseline -0.007 -9"><span class='ocrx_word' id='word_1_166' title='bbox 365 2130 623 2182; x_wconf 76' lang='lat' dir='ltr'><strong>Propofitique</strong></span> <span class='ocrx_word' id='word_1_167' title='bbox 650 2139 757 2168; x_wconf 75' lang='lat' dir='ltr'><strong>tenax</strong></span> <span class='ocrx_word' id='word_1_168' title='bbox 786 2138 908 2174; x_wconf 74' lang='lat' dir='ltr'><strong>menS,</strong></span> <span class='ocrx_word' id='word_1_169' title='bbox 939 2128 1045 2168; x_wconf 87' lang='lat' dir='ltr'><strong>velut</strong></span> <span class='ocrx_word' id='word_1_170' title='bbox 1073 2125 1184 2178; x_wconf 71' lang='lat' dir='ltr'><strong>ante,</strong></span> <span class='ocrx_word' id='word_1_171' title='bbox 1216 2135 1351 2168; x_wconf 74' lang='lat' dir='ltr'><strong>manet.</strong></span> 
     </span>
    </p>
   </div>
  </div>
 </body>
</html>
