1527 2807
451 288 875 318 Lvn1ca.
1103 288 1181 331 235

69 505 129 545 ΙΝ
158 504 454 544 GEORGIVM
485 502 914 542 BRITANNIARVM
944 504 1153 554 REGEM,

67 608 319 694 Descende
347 649 483 697 coelo,
515 647 709 698 Calliope,
739 656 778 688 et
803 647 922 689 melos

64 713 157 756 Late
180 718 322 757 sonanti
351 719 522 768 praecipe
551 717 663 762 tibia,

174 787 287 841 Quod
313 788 358 826 ad
387 786 531 836 Georgi
562 787 676 836 Regis
705 797 808 824 aures

222 857 358 903 Exeat,
396 866 433 896 et
466 856 566 894 iuvet
597 852 823 892 audientem!

59 924 202 972 Meque
235 924 448 963 insolentem
483 924 690 975 promeritis
725 923 819 963 doce

58 993 188 1032 Nubes
216 1005 282 1043 per
309 994 392 1032 altas
421 994 554 1031 tollere
582 993 790 1030 honoribus

160 1064 191 1102 F
191 1073 380 1112 ortemque
411 1061 572 1100 dextram
583 1089 607 1116 ,ὴ
627 1061 846 1111 candIdique

212 1131 402 1178 Pectoris,
441 1131 654 1181 ingeniique
684 1132 799 1170 vires.

53 1201 128 1240 Hic
156 1210 292 1249 nempe
324 1201 408 1239 Rex
438 1201 516 1250 est,
560 1200 781 1239 inviolabile

49 1271 118 1310 Cui
146 1269 390 1321 providorum
421 1269 612 1309 confilium
642 1268 795 1318 Defirn,

155 1343 200 1379 In
234 1336 379 1378 Patriae
409 1339 556 1378 nostrae
590 1340 766 1389 salutem,

994 679 1038 718 Φ

210 1409 360 1457 Sceptra
389 1406 446 1447 dat
478 1415 514 1446 et
544 1408 705 1448 diadema
733 1409 807 1448 soii

43 1479 166 1528 Regni
195 1477 419 1527 Anglicani:
456 1479 605 1518 Disiice
627 1508 639 1526 ‚
679 1478 811 1518 disiice

48 1551 201 1591 virtute
229 1549 348 1587 turbas
374 1546 519 1586 fortiter
547 1545 733 1593 hostiurn,
764 1554 804 1585 ut

153 1619 379 1658 Britanniam
408 1629 476 1668 per
505 1616 712 1668 universam

199 1687 274 1726 Pax
301 1688 442 1737 vigeat,
475 1687 580 1730 Duce
609 1694 666 1731 te,
695 1683 885 1734 Fidesque;

44 1757 92 1796 Et
120 1754 307 1794 destitutus
337 1757 447 1805 peior
475 1756 518 1793 ab
548 1754 719 1794 omnibus

40 1827 210 1866 Labantis
239 1825 348 1864 heres
376 1824 523 1874 imperii
553 1835 697 1863 manum

144 1895 310 1934 Tandem
338 1894 621 1944 triumphantem
652 1894 811 1934 miselius

197 1961 377 2012 Effugiat,
407 1963 513 2002 velut
542 1975 630 2014 agna
659 1975 823 2012 magnum

41 2032 177 2073 Mollis
204 2032 363 2071 leonem.
419 2033 527 2071 Grata
554 2034 743 2085 Diespiter

41 2101 285 2142 Diffentienti
313 2102 474 2145 concino
504 2102 630 2145 Deam
