1527 2807
313 476 695 506 GENETHLIACORVM
724 471 1039 504 norzmrrxcou·

618 584 644 612 A
697 584 726 612 D

107 669 841 728 BARTHOLOMAEVM
888 674 985 723 DE
1032 645 1259 721 MOOR

322 756 493 806 VAN
538 754 1028 804 IMMERZEEL.
1105 768 1107 770 ·

91 837 286 947 Mori
307 902 481 950 candide,
512 902 670 941 litterate
690 903 820 951 Mori,

89 968 221 1016 Mori,
251 972 371 1021 prIme
393 972 566 1010 sodalium
585 982 751 1011 meorum
766 1000 778 1018 ,

92 1039 266 1078 Goudani
290 1041 400 1080 decus
421 1042 568 1080 unicum
590 1038 769 1079 Senatus:

91 1104 154 1146 En
176 1107 337 1155 donum,
358 1111 427 1148 tibi
449 1113 564 1150 carius
586 1111 648 1150 vel
679 1119 778 1147 auro.
833 1144 836 1145 γ
884 1125 889 1136 =
916 1137 919 1141 .

91 1177 274 1224 Carmen,
304 1179 405 1229 quod
433 1183 570 1221 cecinit
594 1183 746 1220 Batavus
772 1177 969 1235 Orpheus,

92 1249 320 1290 Burmannus
341 1261 442 1289 meus
466 1251 532 1289 ille
546 1278 559 1300 ‚
589 1250 697 1289 dulce
719 1256 884 1292 carmen.

95 1317 253 1357 Carmen
276 1320 403 1358 nobile
417 1351 427 1367 ‚
457 1321 573 1360 molle
589 1351 600 1367 ‚
630 1319 853 1365 deiicatum,

93 1386 183 1438 Quo
205 1396 274 1424 nec
293 1386 422 1425 ternus
438 1417 448 1433 ,
477 1388 730 1439 elegantiusve

95 1455 281 1504 Aptarunt
300 1455 433 1496 fidibus
456 1459 575 1498 melos
599 1459 741 1497 Latinis

96 1524 173 1562 Aut
194 1521 300 1562 Naso
319 1534 447 1573 tener,
480 1536 539 1566 aut
562 1537 669 1566 tener
688 1520 906 1572 Tibuflus;⁵
932 1539 936 1542 ·

99 1594 201 1632 Huic
222 1603 280 1640 et,
312 1596 337 1634 fi
358 1597 444 1646 quid
464 1597 500 1636 id
523 1597 599 1642 est,
630 1605 786 1635 venuste
805 1595 952 1640 noster,

98 1663 280 1714 Adiungo
301 1668 456 1706 comites
480 1678 578 1707 meas
603 1669 802 1708 Camenas:

98 1735 205 1786 Quae
229 1735 255 1772 si
279 1734 375 1775 forte
396 1738 460 1776 tibi
482 1735 629 1785 placere
655 1734 818 1784 possunt,

100 1804 205 1850 Erit,
232 1804 331 1853 quod
355 1806 444 1844 mihi
466 1806 650 1855 gratuler,
676 1815 873 1854 meumque

99 1873 221 1911 Aitius
241 1882 346 1923 caput
375 1875 528 1914 efferam
562 1877 625 1914 sub
646 1886 768 1913 auras:

105 1941 144 1979 O
170 1943 272 1980 Mori
291 1945 494 1992 generose,
523 1946 638 1983 amice
669 1944 799 1989 Mori,

105 2009 282 2053 Goudani
305 2010 412 2051 decus
436 2016 580 2055 unicum
601 2012 773 2059 Senatsss·

126 2127 242 2173 1J57-

669 2230 742 2282 Μ
