1527 2807
310 275 931 308 tnzeraeas
1109 274 1198 314 347Ἴ

62 379 186 428 Ecce,
215 381 354 429 potens
383 375 478 415 beili
507 384 544 415 te
575 374 728 425 flagitat.
785 372 853 412 ille
881 373 1021 413 relictis

174 447 388 487 Thracibus
419 445 646 484 Hollandam
673 445 794 484 visere
823 443 934 493 gestit
964 445 1140 493 humum3

63 517 190 562 caede
220 518 323 557 nihil
350 516 513 563 taboque
540 512 714 559 madens,
746 522 786 552 ut
814 523 958 562 nuper,
989 515 1126 554 inultas

171 583 282 626 Haud
311 593 494 635 parcente
522 594 635 623 manu
662 583 748 621 dum
778 584 977 633 populatur
1006 595 1130 636 opes3

65 657 195 698 castra
222 654 408 693 secuturus
435 651 502 691 sed
531 652 595 701 qui
623 660 708 698 tua,
740 661 928 702 temperet
956 656 1076 704 iram,

170 727 232 765 Te
264 724 341 764 fine
370 721 602 774 propositum
631 733 703 761 nec
719 722 931 761 'meditetur
960 725 1047 765 iter.

64 797 173 838 Adde
201 795 373 846 gradum,
404 793 623 844 Cytherea:
654 793 708 830 tui
739 791 854 831 tutela
883 791 1062 841 profundi

170 867 230 906 En
257 863 409 910 domus.
441 874 490 903 en
517 864 628 912 regni
658 871 747 901 nota
775 863 890 900 salute
919 863 990 901 tui.

72 935 234 986 miger,
266 934 407 974 Idaliae
433 933 634 984 genitricis
661 943 768 976 cura,
801 932 980 980 Cupido,

173 1006 260 1044 Huc
287 1004 392 1049 ades3
429 1012 468 1043 et
492 1012 612 1042 tecum
640 1001 683 1040 da
712 1009 793 1040 tuus
821 1003 913 1041 adsit
939 1005 1109 1055 Hymen.

60 1075 164 1116 Adfit
174 1076 325 1126 Hymen
339 1103 350 1121 ,
373 1074 440 1112 tibi
454 1075 615 1122 iunctus,
630 1073 777 1123 Hymen
793 1073 1075 1122 pulcherrimus
1089 1077 1194 1124 adim

172 1145 224 1183 Et
252 1143 469 1190 charitum,
501 1144 649 1183 Veneri
679 1154 761 1182 non
790 1142 942 1192 aliena,
970 1148 1127 1188 cohors.

64 1212 125 1252 Ad
153 1214 336 1264 Delphos
365 1210 426 1260 pia
455 1211 574 1252 cauffa
603 1219 736 1256 vocat,
769 1212 964 1264 Gradive,
1008 1219 1194 1260 Batavos.

172 1283 354 1322 Praevius
375 1281 573 1320 accensam
602 1280 677 1319 fert
700 1280 844 1326 Amor,
875 1293 991 1329 ecce,
1023 1284 1160 1326 facem.

63 1353 196 1393 Caussa
222 1362 349 1391 novae
378 1348 562 1390 censenda
591 1349 676 1386 viae
704 1349 915 1386 communis
942 1353 1092 1401 utrique
1114 1354 1170 1393 est
1180 1365 1202 1402 ,³

173 1422 249 1461 Seu
274 1420 377 1459 datur
397 1420 486 1458 hinc
503 1419 670 1463 Veneri,
701 1417 764 1456 seu
790 1417 890 1456 datur
916 1419 1004 1459 inde
1033 1423 1118 1462 tibi.

60 1492 245 1541 Trompia
264 1491 470 1540 progenies
484 1517 496 1536 ‚
526 1488 641 1539 (quid
665 1489 817 1526 nomine
836 1490 970 1530 clarius
992 1492 1060 1532 illo
1074 1521 1090 1541 ,

175 1560 251 1598 Aut
277 1561 344 1598 tibi
375 1569 466 1608 quae
494 1569 577 1598 toto
609 1559 770 1598 iunffior
799 1563 893 1600 orbe
923 1562 1112 1615 domus2)

66 1630 245 1680 Virginei
272 1629 342 1668 flos
373 1630 458 1669 Sara
481 1630 615 1679 chori,
647 1629 817 1669 socianda
835 1633 990 1684 marito,

178 1700 290 1738 Hunc
319 1701 424 1750 cupit
454 1699 635 1738 indultum
664 1709 702 1738 te
730 1699 793 1738 fibi
823 1701 915 1739 teste
944 1702 1060 1743 diem.

67 1769 147 1810 Scis
175 1771 307 1810 navale
335 1770 472 1815 decus;
503 1770 572 1807 scis
594 1779 659 1809 ‘tot
689 1769 873 1808 cumulata
902 1774 1066 1822 tropaeis

172 1841 351 1890 Aequora
379 1839 519 1889 paeanii
549 1837 694 1876 caerula
722 1849 842 1888 nuper
871 1848 973 1885 avo,-

68 1909 196 1958 thue
223 1917 364 1959 patrem
393 1908 526 1958 pulcro
555 1906 751 1945 molimine
772 1905 869 1946 filius
899 1917 1034 1958 aequet

179 1980 366 2029 Impiger,
392 1978 522 2016 afferto
549 1977 674 2016 lumen
704 1986 744 2017 et
772 1976 840 2015 ille
869 1980 976 2017 mari.
1010 2012 1018 2019 ,,

71 2049 112 2090 si
142 2061 213 2100 qua
241 2049 329 2089 fides
359 2049 481 2095 vistis,
514 2059 605 2098 gens
632 2048 709 2087 hoc
739 2046 935 2086 Tamefina
964 2045 1121 2096 farctum
1190 2085 1197 2094 s

180 2120 382 2160 Innumera
412 2119 540 2159 stratus
569 2118 699 2166 clade,
727 2117 865 2157 fatetur
896 2118 1006 2162 Iberg
