1527 2807
473 192 783 237 Cnnmxuis.
1127 199 1174 243 15

48 359 143 412 Quis
162 355 320 406 sapiens,
347 354 430 402 quis
449 362 524 392 non
545 351 780 392 obliviscatur
797 351 968 392 Amorem
981 380 996 400 ,

102 438 198 475 Inter
216 443 254 472 et
272 433 363 472 haec
386 443 488 470 curas
501 459 513 477 ‚
541 441 631 479 quas
652 430 762 468 habet
779 430 864 476 ille,
891 433 1028 470 malas?

50 514 101 553 Et
120 523 239 552 tamen
256 512 428 558 antiquos
451 509 676 558 quandoque
696 506 880 546 resuscitat
897 510 1020 559 ignes,

104 591 266 639 Otiaque
286 589 420 637 ingenii
440 588 560 627 turbat
579 597 693 624 amata
710 585 798 624 mei.

51 668 168 717 Saepe
188 669 294 706 etiam
314 668 434 706 sacrae
455 666 591 705 versata
611 664 796 703 volumina
814 663 960 703 chartae

105 746 323 794 Expediunt
341 745 474 784 nostras
497 743 706 790 Religionis
726 752 845 790 opes;

55 811 220 872 Integra,
248 833 285 862 et
303 821 464 861 nondum
485 820 566 870 Ipsa
587 820 656 858 suis
679 829 847 859 temerata
869 820 1057 868 ministris,

106 901 235 952 Qualis
256 900 301 938 ab
323 900 476 948 augusto
497 909 581 937 cum
601 898 717 936 modo
739 898 832 946 lapsa
850 900 942 946 polo
964 901 1028 939 est.

55 980 159 1019 Haec
176 978 302 1026 jubet,
329 978 513 1026 ignoscam
532 976 784 1024 quodcunque
806 975 994 1014 calumnia
1017 979 1153 1018 crimen

109 1055 152 1093 In
172 1054 238 1093 fibi
259 1066 333 1093 non
352 1066 480 1094 notum
501 1054 605 1092 finxit
626 1065 740 1092 amara
760 1064 884 1102 caput.

56 1131 160 1174 Haec
181 1142 301 1179 vetat,
331 1133 517 1182 experiar,
547 1142 630 1170 cum
651 1132 780 1179 justior
797 1143 891 1170 arura
913 1134 1088 1182 gubernat

111 1210 189 1256 Ira,
216 1212 408 1259 poe’tarum
429 1221 513 1247 cum
533 1210 648 1257 quatit
667 1221 730 1248 ora
750 1210 875 1256 furor,

59 1289 227 1341 Quantus
250 1289 286 1326 in
304 1290 442 1326 ultores
462 1286 613 1336 assurgat
633 1287 725 1325 liber
742 1288 883 1326 ‘iambos

59 1366 63 1370 ’
113 1366 267 1413 Spiritus
279 1391 291 1409 ‚
318 1373 380 1401 aut
400 1365 526 1412 elegos
545 1365 684 1402 intonet
704 1374 779 1402 arte
797 1375 939 1412 graves,

62 1442 168 1483 Haec
189 1441 236 1480 de
258 1441 396 1478 dileetis
416 1452 475 1479 me
495 1441 702 1479 consolatur
721 1443 845 1480 amicis
858 1471 871 1489 ‚

117 1520 260 1558 Multos
281 1518 352 1555 fata
371 1519 473 1556 nimis
496 1530 591 1566 quos
613 1529 764 1566 rapuere
783 1517 886 1557 mihi.

63 1598 124 1639 En
140 1596 273 1644 jactura
291 1606 442 1641 recens,
469 1595 603 1643 jaetura
620 1595 835 1642 miserrima,
865 1596 1014 1644 Petrus,

117 1675 272 1727 Jaftura!
291 1699 303 1712 .
316 1699 348 1711 ..
363 1699 373 1710 .
393 1683 428 1710 at
447 1685 521 1711 non
541 1674 616 1711 hoc
636 1674 695 1711 iiia
714 1673 888 1721 gemenda
909 1676 1011 1714 loco.

64 1752 148 1799 Tu,
177 1750 264 1796 dic,
291 1752 351 1788 cui
372 1750 490 1788 studio
512 1742 714 1797 ἰηοιιιῐιῑτίς,Δ
742 1751 975 1800 Rudolphe?
1003 1764 1148 1794 tuamne

118 1829 261 1869 Tullius
281 1838 317 1866 et
335 1828 490 1875 linguam
511 1828 665 1874 format,
693 1839 730 1867 et
749 1831 960 1877 ingenitum

69 1906 238 1946 Consulit
257 1917 302 1944 an
322 1906 466 1954 trepido
489 1915 548 1943 tua
570 1917 666 1944 nunc
683 1908 874 1957 prudentia
895 1909 999 1948 civi?

125 1984 285 2023 Curiave
303 1985 445 2032 eloquii
464 1984 538 2022 vim
558 1984 675 2032 stupet
694 1987 810 2033 ampla
829 1987 910 2023 tui?

72 2061 177 2113 Mox
194 2072 277 2099 cum
297 2061 468 2109 Palladii,
495 2062 670 2101 redeunte
690 2063 820 2101 aestate
834 2091 846 2112 ,
868 2064 985 2113 Lycei

130 2139 217 2178 otia
237 2139 443 2179 concedent
460 2139 564 2189 poffe
583 2142 708 2190 quiete
731 2142 826 2187 frui;
