1527 2807
395 353 770 383 rOETICAE.
1074 352 1143 393 143

76 462 154 500 Vos
183 470 253 508 ego
281 458 447 498 duftores
474 471 647 504 veneror,
675 469 904 508 venerorque
934 459 1070 499 sodales
1087 489 1097 506 ,

128 532 204 569 Vos
234 541 304 578 ego
330 541 404 567 non
432 529 512 567 Ηὲὶέι
541 531 718 578 religione
746 532 879 570 colam.

77 600 134 639 Tu
165 601 268 647 Dea,
296 611 334 638 tu
362 601 519 646 vindex,
549 611 588 639 tu
617 601 774 645 nostras,
803 602 966 648 optima,
994 602 1128 642 caussas

127 671 258 710 Fizssms
284 683 371 719 age,
400 683 420 709 e
446 673 570 720 Stygia
599 672 681 710 sede
710 682 841 709 vocata
867 674 974 712 veni!

77 742 162 780 Vrat
189 752 224 780 et
250 744 406 790 ingratos
433 743 574 790 gelidus
600 743 699 790 rigor
728 743 855 780 acriter
883 753 1001 788 artus,

129 813 179 850 Et
211 823 356 857 tremat,
384 814 528 850 immani
558 813 714 861 frigore,
743 824 876 860 corpus
904 814 1010 850 iners.

80 883 207 932 Qualis
237 883 485 933 Hyperboreis
515 884 612 921 ferus
641 885 761 922 incola
786 885 895 931 pallet
923 885 956 920 in
979 884 1072 927 oris,

131 953 258 1004 Qualis
287 964 322 992 et
346 955 382 992 in
410 954 589 1001 Scythicis
615 954 753 993 advena
782 964 901 1002 torpet
928 954 1032 1002 agris.

82 1024 232 1062 Torreat
258 1025 342 1062 hinc
370 1026 459 1062 imas
482 1036 556 1063 non
586 1026 837 1074 restinguenda
861 1025 1036 1063 medullas

131 1095 311 1140 Flamma,
340 1096 398 1133 vel
425 1096 460 1132 in
484 1097 606 1134 medio
635 1107 709 1134 non
737 1097 891 1145 peritura
917 1095 1016 1132 mari.

84 1165 209 1216 Qualis
237 1166 472 1204 centimanus
501 1167 681 1214 speluncis
708 1167 840 1205 aestuat
867 1165 970 1209 atris,

133 1237 233 1274 Dum
259 1237 376 1275 vomit
403 1238 573 1276 Aetnaeis
604 1239 683 1276 saxa
711 1239 843 1286 liquata
873 1235 982 1273 focis.

85 1307 272 1354 Torqueat
298 1317 334 1345 et
361 1309 485 1353 lento,
512 1308 731 1357 splendentia
758 1318 923 1356 guttura,
952 1316 1084 1350 muco,

137 1378 249 1422 Arida
275 1379 334 1416 vel
363 1381 465 1416 nullo
498 1379 600 1416 fonte
628 1379 778 1417 levanda
804 1377 889 1415 fitis.

86 1447 257 1486 Tantalus
284 1457 351 1493 ut,
379 1449 518 1496 liquida
543 1458 641 1487 totus
670 1449 755 1486 durn
783 1448 940 1496 cingitur
964 1446 1088 1492 unda,

138 1518 282 1565 vritur,
310 1518 481 1567 appositis
507 1531 581 1557 non
611 1520 784 1558 fruiturus
809 1519 925 1566 aquis.

88 1589 148 1627 Sic
177 1589 267 1635 tibi,
295 1590 331 1627 in
352 1590 520 1628 Ausoniis
541 1600 580 1628 ut
600 1589 808 1638 quondam,
835 1588 1001 1637 protinus
1018 1615 1029 1632 ,
1053 1586 1166 1632 arvis,

138 1659 235 1697 Diva
263 1671 419 1708 potens,
447 1671 548 1708 grato
577 1664 747 1709 pestooe,
776 1649 872 1698 dona
899 1657 1023 1696 feram.

90 1729 149 1769 Sic
180 1731 244 1768 tibi
272 1742 341 1769 nec
369 1742 526 1770 noceant
550 1730 731 1779 generosis
759 1731 950 1779 pharmaca
974 1727 1088 1766 succis
1105 1754 1117 1773 ‚

140 1799 285 1840 Tradita
311 1804 370 1842 vel
400 1801 540 1840 Phoebi
569 1802 758 1850 pharmaca
787 1801 879 1838 sacra
905 1810 1040 1843 manu,

90 1871 174 1908 Nec
199 1872 310 1920 magis
338 1874 357 1910 εὶ
387 1873 486 1911 tostis
511 1883 641 1911 cortex
668 1872 732 1920 qui
761 1872 914 1909 mittitur
942 1869 1065 1913 Indis,

146 1941 290 1980 Gaudet
318 1953 354 1981 et
381 1945 401 1982 ἃ
431 1943 590 1990 pambus
618 1952 751 1981 nomen
779 1941 910 1978 habere
936 1940 1052 1987 vagis.

95 2010 255 2050 Cernere
282 2011 330 2050 lic
359 2014 492 2058 liceat,
521 2012 648 2050 doetus
676 2012 887 2050 mortalibus
917 2011 1030 2059 aegris

146 2078 249 2130 Quid
275 2083 391 2122 valeat
416 2083 614 2129 Medicus,
641 2081 733 2131 quid
758 2083 949 2130 valeatque
974 2080 1131 2129 Sophus.

54 2218 164 2270 1764·
476 2234 623 2270 JAst
652 2234 859 2263 ov‘rMAN
890 2233 984 2261 VAN
1012 2231 1175 2265 AALST,
