1527 2807
305 299 384 349 456
550 299 1154 341 ιιῑσῐιει.

307 410 503 449 Arboreos
533 414 686 449 coetus,
717 410 779 448 et,
809 403 899 443 laeta
931 409 1145 456 cacumina,
1185 407 1357 457 frondes,

370 479 474 529 Quae
505 474 680 513 resonant
709 482 822 510 voces
851 473 960 515 dulce
987 479 1150 518 canentis
1180 481 1270 517 avis.

325 546 361 585 Ο
389 544 561 593 quoties,
585 551 620 581 et
648 552 740 591 quae
758 569 767 583 ‚
796 542 1025 582 circundatus
1056 547 1203 586 arboris
1234 546 1379 594 umbri.

376 612 454 652 Hic
483 611 620 649 cecinit
649 609 806 659 querulo
835 610 997 649 carmine
1026 613 1153 661 pastor
1180 618 1323 654 amans!

330 684 502 731 Arvaque
533 680 721 720 flebilibus
752 678 917 727 replevit
946 681 1015 720 lata
1056 684 1238 731 querelis!

382 752 508 800 Vsque
537 748 671 788 dolens
698 743 837 794 fastuS‚
868 750 977 798 virgo
1005 752 1147 800 cupita,
1181 762 1283 792 tuos.

329 824 366 864 Ο
398 822 551 872 quoties
581 819 696 864 alius,
729 818 788 855 cui
817 816 951 857 blanda
980 818 1124 858 favebat
1152 821 1286 870 amica,

381 892 525 932 Gaudia
554 888 719 929 narravit
750 888 960 927 luxuriosus
991 889 1108 938 agris!

331 963 488 1012 Saepius
516 960 693 998 umbroso
723 958 850 996 verbis
879 956 1100 996 Meliboeus
1140 961 1177 999 in
1208 971 1302 999 arvo

383 1029 548 1081 Phyllida
577 1028 778 1067 dulcisonis
809 1026 1026 1066 sollicitavit
1053 1041 1189 1069 amans.

328 1101 411 1139 Hac
440 1099 514 1149 ipsa
544 1099 608 1137 sub
637 1096 772 1136 fronde
803 1096 893 1134 duos
933 1098 1132 1136 coniunxit
1159 1104 1316 1136 amantes

385 1169 561 1219 Saepius,
595 1168 761 1217 imperio
793 1178 889 1216 quae
919 1168 1014 1216 regit
1042 1178 1171 1211 omne,
1205 1166 1367 1207 Venus?

330 1239 486 1283 Dicite,
518 1237 543 1274 fi
573 1235 627 1274 fas
657 1236 737 1286 est,
770 1244 807 1274 et
838 1235 862 1272 fi
901 1236 983 1275 satis
1013 1239 1088 1275 oris
1119 1238 1284 1282 habetis;

389 1310 494 1360 Quae
523 1305 652 1356 docuit
681 1315 820 1353 pueros
851 1303 975 1341 dulcia
1013 1308 1124 1344 verba
1144 1307 1306 1345 Venus?

332 1378 460 1416 Dicite
483 1405 492 1422 ‚
526 1386 608 1413 nam
636 1375 744 1411 toties
776 1384 846 1410 vos
874 1372 1064 1412 audivistis
1093 1383 1274 1423 amantes,

384 1449 509 1493 Rura,
539 1456 577 1486 et
608 1443 825 1484 frondifero
855 1445 1022 1493 germine
1051 1445 1152 1494 sylva
1182 1445 1329 1485 virens.

332 1516 414 1553 Vos
441 1511 719 1567 qudque‚quae
747 1512 969 1558 crebrbmt:
997 1501 1128 1564 gaudia
1147 1524 1270 1553 cantus
1282 1524 1468 1555 amantum

384 1586 592 1633 Rumperet
612 1587 852 1632 unanimum,
885 1585 1120 1624 conticuistis
1141 1614 1152 1631 ,
1183 1597 1293 1624 aves-

334 1654 385 1693 At
414 1655 511 1691 bona
543 1654 608 1692 sub
634 1656 803 1693 tenebris
834 1655 892 1693 sua
913 1653 1011 1692 furta
1041 1653 1231 1692 abscondit
1258 1654 1409 1704 opacis,

387 1723 471 1760 Nec
500 1717 621 1760 timidi
651 1724 758 1762 testes
789 1723 928 1772 Cypria
958 1723 1095 1762 amoris
1127 1734 1243 1763 amat:

339 1794 551 1848 concubuit
580 1793 713 1838 Mart13
746 1792 919 1831 Vulcano
950 1801 1072 1832 narrat
1101 1795 1259 1845 Apollo;

391 1865 443 1904 At
479 1863 614 1901 misero
645 1864 794 1913 linguae
822 1864 960 1902 crimen
990 1875 1115 1902 amore
1138 1863 1224 1903 luit.

337 1934 430 1973 Non
463 1931 583 1968 aliena
615 1932 726 1970 velim
755 1931 966 1972 diffundere
996 1932 1123 1980 gaudia
1155 1934 1271 1973 testis.

389 2005 472 2041 lure
498 2002 626 2039 tacetis
655 2003 755 2051 agri,
788 2002 870 2039 iure
899 2002 1026 2039 tacetis
1054 2012 1151 2040 aves.

335 2070 469 2113 Tutius
502 2069 564 2108 bic
592 2083 694 2109 curas
727 2070 836 2122 sylvis
869 2077 904 2107 et
934 2070 1066 2119 gaudia
1093 2081 1234 2108 narres:

387 2140 461 2180 Hi<
493 2149 593 2188 ruta,
629 2139 691 2181 hic
722 2140 917 2188 voluczes,
947 2139 1011 2178 hic
1038 2151 1168 2184 nemus
1199 2153 1270 2180 ore
1297 2150 1432 2180 carent.
